4978 6090
691 515 697 533 “
822 557 1389 676 raonscousus.
1617 527 1620 536 ’
1904 597 2000 657 svn

419 767 623 870 Postquam
648 769 801 844 itatem
825 771 924 842 inter
946 765 1048 868 leges
1080 753 1370 869 repetundarum
1395 791 1507 870 quarn
1531 768 1631 842 inter
1646 767 1859 843 iudiciarias
1877 770 2002 847 Serui-

220 867 295 942 liae
319 867 449 946 locum
479 889 589 938 suurn
618 867 903 964 assignauimus,
941 881 1124 966 superest,
1162 887 1203 939 ut
1238 871 1448 940 accuratius
1478 864 1526 938 de
1555 868 1636 937 eius
1670 883 1789 938 aetate
1823 866 2000 948 dicamus.

220 968 278 1038 Ro
304 966 383 1035 auit
406 979 530 1034 autern
556 983 639 1032 eam
665 963 706 1033 C.
732 957 799 1034 ille
822 959 1004 1035 Seruilius
1029 959 1197 1053 Glaucia,
1214 965 1279 1060 ⁸⁴)
1332 967 1371 1034 ui
1397 965 1438 1036 C.
1464 962 1575 1032 Marii
1599 964 1724 1034 socius
1749 985 1836 1034 curn
1859 965 1900 1036 L.
1925 966 2002 1064 Ap-

220 1081 247 1160 p
291 1063 355 1132 eio
382 1056 584 1130 Saturnino
613 1069 661 1129 ex
692 1079 825 1130 eorum
853 1053 926 1128 fuit
959 1079 1134 1146 numero,
1174 1084 1269 1160 quos
1294 985 1360 1131 ibe
1385 1064 1534 1130 sextum
1555 1049 1698 1130 Consul
1721 1055 1837 1155 (654)
1862 1057 2003 1134 indicta
2051 1059 2054 1066 ⁴

249 1154 377 1230 uidem
400 1152 592 1248 seuseu)
627 1150 694 1226 sed
718 1151 876 1226 uocibus
901 1150 1034 1251 populi
1058 1176 1123 1224 eos
1149 1152 1311 1227 interfici
1336 1151 1498 1226 iubentis
1523 1171 1662 1242 motus,
1680 1154 1744 1246 ⁸⁶)
1782 1158 1864 1227 siue
1887 1156 2002 1228 inter-

223 1254 288 1328 toi
312 1250 434 1336 iussit,
452 1249 516 1341 ⁸⁷)
541 1251 623 1320 siue
647 1273 670 1319 a
693 1247 836 1346 populo
855 1249 896 1319 in
921 1250 1035 1337 curia,
1060 1250 1101 1318 in
1126 1275 1200 1350 qua
1225 1260 1290 1324 eos
1315 1246 1527 1339 incluserat,
1552 1249 1702 1324 iniectis
1727 1247 1862 1348 tegulis
1886 1251 2001 1322 inter·

222 1348 341 1422 festos
375 1367 454 1416 non
493 1341 714 1416 uindicauit.
732 1345 797 1438 88)
863 1341 1021 1415 Glaucia
1052 1365 1098 1416 eo
1127 1367 1226 1418 anno
1256 1347 1411 1419 Praetor
1440 1361 1536 1434 erat,
1573 1358 1611 1415 et
1641 1359 1682 1416 ut
1708 1348 1843 1420 Cicero
1867 1345 1920 1418 ait
1936 1347 2000 1443 ⁸⁹)

221 1438 366 1518 Consul
388 1435 510 1514 factus
535 1437 684 1528 luisset,
722 1443 755 1513 si
779 1442 860 1512 eius
886 1441 1071 1511 rationem
1099 1437 1239 1514 habere
1270 1439 1447 1516 licuisset.
1507 1439 1616 1534 Quae
1640 1463 1729 1512 curn
1753 1444 1805 1512 ita
1829 1443 1914 1529 sint,
1938 1439 2001 1514 lex

220 1535 382 1613 Seruilia
406 1530 481 1606 lata
506 1557 689 1608 essenon
712 1551 837 1634 potest
887 1549 946 1606 ost
970 1551 1117 1606 sextum
1146 1537 1259 1609 Marii
1283 1533 1535 1624 consulatuum
1562 1539 1791 1636 quinetiam
1814 1533 1904 1610 huic
1929 1533 2002 1635 ipsi

94 1697 98 1709 .
222 1655 322 1706 anno
352 1627 555 1731 plerosque
584 1626 678 1702 falso
709 1645 792 1704 earn
822 1655 844 1701 a
871 1627 1049 1721 scribere,
1066 1631 1130 1728 ⁹⁰)
1165 1633 1256 1707 inde
1291 1635 1548 1730 consequitur,
1587 1631 1690 1746 quod
1726 1649 1814 1704 ante
1849 1627 2002 1704 Sullana

220 1749 297 1803 tem
327 1751 394 1798 ora
416 1727 483 1796 uix
507 1721 586 1796 ulla
608 1723 671 1798 lex
685 1750 736 1826 po
764 1724 878 1798 ularis
903 1720 986 1796 aliis
1012 1751 1125 1824 quam
1147 1727 1296 1802 tributis
1314 1728 1479 1800 comitiis
1503 1745 1541 1820 et
1557 1724 1632 1800 alto
1657 1731 1873 1828 magistratu
1890 1751 2003 1827 quam

221 1753 395 1895 Tribuno
419 1815 541 1918 plebis
566 1829 720 1919 rogante
737 1751 835 1894 lerri
856 1824 991 1988 potuit.
1011 1825 1077 1919 Η)
1138 1826 1272 1924 Neque
1301 1821 1449 1896 obstant
1473 1823 1670 1896 Ciceronis
1694 1845 1791 1924 quae
1814 1819 1930 1920 uulgo
1955 1821 2003 1894 ad

224 1916 451 1993 contrariam
475 1919 698 1988 sententiam
721 1915 854 1989 firman
881 1940 942 1990 aru
966 1916 1170 1992 afferuntur
1197 1917 1329 2008 uerba3
1363 1919 1395 1989 is
1420 1921 1524 1990 euim
1548 1939 1615 1992 cur
1644 1916 1842 1992 Glauciam
1865 1921 1899 1990 si
1921 1921 2003 1992 eius

224 2013 381 2086 omnino
406 2011 590 2084 rationem
619 2009 758 2086 habere
789 2009 957 2084 licuisset
975 2013 1183 2088 'consulem
1213 2011 1381 2086 futurum
1410 2009 1528 2086 fuisse
1551 2013 1771 2102 crediderit,
1809 2015 1862 2086 ita
1886 2035 2003 2112 expo-

225 2109 316 2180 suit:
355 2105 495 2194 „nam”
520 2109 644 2206 iuquit
674 2125 743 2198 „et
792 2105 917 2180 lebem
941 2107 1092 2186 tenebat
1116 2127 1154 2182 et
1177 2125 1390 2210 equestrem
1414 2107 1587 2182 ordinem
1610 2105 1797 2182 beneficio
1820 2107 1914 2208 legis
1939 2105 2005 2182 de-

200 2224 203 2230 ·
224 2201 432 2288 uinxerat;'’
457 2204 524 2302 qui
548 2218 674 2276 tamen
697 2227 745 2276 ex
764 2131 828 2275 luis
856 2200 1041 2299 colligunt
1065 2199 1117 2278 eo'
1137 2207 1221 2304 ipso
1246 2227 1346 2277 anno
1364 2200 1562 2278 Glauciam
1586 2201 1671 2304 lege
1693 2203 1769 2276 lata
1791 2219 2004 2306 equestrem

224 2293 395 2368 ordinem
425 2291 610 2370 beneficio
643 2295 873 2388 deuinxisse,
911 2303 1072 2371 nimium
1091 2297 1274 2400 ‚profecto
1306 2301 1405 2373 scire
1437 2298 1624 2374 uidentur.
1686 2301 1811 2396 Quam
1843 2298 1893 2372 ob
1923 2323 2004 2372 reru

221 2385 375 2487 Pighius
389 2393 454 2489 ⁹²)
479 2389 602 2490 legem
625 2393 826 2468 Seruiliam
851 2395 893 2468 C.
917 2395 1040 2468 Mario
1065 2393 1273 2470 secundum
1297 2393 1463 2472 Consule
1487 2397 1603 2490 (649)
1627 2395 1741 2470 latam
1769 2419 1850 2470 esse
1874 2393 2005 2485 credit,

221 2483 337 2586 idque
359 2511 436 2560 non
455 2507 557 2560 caret
574 2513 591 2561 s
620 2493 712 2578 ecie,
733 2491 766 2560 si
789 2486 905 2562 modo
926 2507 1027 2578 tunc,
1046 2489 1150 2604 quod
1167 2489 1235 2563 ille
1244 2489 1356 2579 dicit,
1387 2490 1545 2564 Glaucia
1562 2491 1753 2564 Tribunus
1778 2489 1900 2590 plebis
1922 2487 2005 2564 fue·

220 2583 280 2653 rit.
331 2583 429 2654 Cum
453 2601 578 2656 autern
632 2579 737 2682 ighio
761 2580 864 2654 haud
887 2607 972 2655 raro
997 2583 1158 2672 accidat,
1193 2601 1236 2656 ut
1260 2608 1309 2656 ex
1338 2607 1442 2657 mera
1465 2588 1683 2658 coniectura
1706 2587 1938 2684 magistratus
1963 2588 2005 2658 iu
2083 2649 2089 2656 .

219 2699 339 2750 annos
364 2675 571 2766 distribuat,
598 2675 776 2777 equidem
800 2676 923 2748 donec
948 2673 996 2746 de
1019 2675 1213 2750 tribunatu
1242 2673 1424 2748 Glauciae
1448 2681 1588 2750 certior
1610 2677 1731 2752 factus
1755 2703 1821 2752 ero
1846 2697 2005 2752 aetatem

218 2769 314 2868 legis
333 2774 517 2842 incertam
528 2771 750 2870 relinquam,
763 2772 838 2840 nisi
857 2766 961 2865 quod
972 2772 1072 2838 inter
1088 2767 1327 2838 consulatum
1339 2769 1490 2842 Serrani
1507 2789 1545 2844 et
1565 2773 1645 2844 eius
1668 2775 1880 2872 Caepionis,
1898 2777 2005 2846 cuius

220 2861 346 3024 lepem
369 2861 529 2936 Seruilia
554 2861 735 2936 Glauciae
758 2858 1064 2960 prioremfuisse
1088 2885 1201 2962 supra
1224 2859 1465 2958 dictumest,
1501 2883 1539 2942 et
1564 2867 1800 2942 consulatum
1825 2871 1868 2944 C.
1893 2869 2006 2942 Marii

221 2953 287 3025 V.
313 2971 351 3025 et
379 2957 421 3026 L.
447 2956 591 3032 Valerii
615 2956 744 3029 Flacci
767 2960 923 3048 (648-
936 2959 1028 3047 654)
1061 2955 1136 3030 lata
1160 2979 1240 3032 esse
1264 2956 1387 3040 debet.
1449 2965 1627 3038 Ceterum
1656 2988 1705 3039 ex
1731 2963 1816 3064 lege
1845 2961 2007 3040 Seruilia

223 3045 403 3217 Glaucipie
435 3052 499 3218 M.t
512 3049 698 3124 Aemilius
722 3049 900 3141 Scaurus,
937 3053 999 3126 Μ’.
1030 3051 1232 3157 Aquillius,
1258 3072 1296 3129 et
1319 3057 1360 3128 Ρ.
1385 3056 1548 3134 Rutilius
1571 3057 1691 3135 Rufus
1715 3059 2006 3162 repetundarum

102 3171 106 3187 =
223 3165 357 3216 accusa
412 3169 509 3219 sun.

400 3241 599 3353 ”Epposita
635 3258 736 3332 sunt,
770 3243 1010 3336 Buttmanne,
1050 3267 1146 3347 quae
1181 3243 1280 3321 libro
1317 3248 1589 3348 praemittenda
1612 3251 1846 3346 uidebantur,
1881 3277 2007 3358 neque

221 3331 324 3434 quod
349 3333 525 3409 adncram
554 3333 688 3427 habeo,
712 3339 786 3411 nisi
817 3335 893 3412 hoc
923 3365 1059 3431 unum,
1096 3339 1223 3442 siquid
1255 3363 1311 3418 est
1342 3349 1383 3420 in
1413 3369 1499 3418 meo
1524 3349 1725 3447 opusculo,
1762 3351 1804 3422 in
1828 3373 1904 3454 quo
1928 3375 2008 3423 non

221 3427 334 3530 plane
357 3430 567 3528 perdidisse
591 3431 723 3508 uidear
746 3457 902 3533 operam
925 3437 967 3509 in
991 3459 1038 3510 eo
1063 3441 1242 3538 positam,
1267 3439 1308 3514 id
1332 3465 1464 3516 eorum
1489 3441 1650 3518 consilio
1675 3444 1818 3538 deberi,
1845 3467 2007 3548 quorum

277 3689 283 3704 Ι
371 3613 420 3691 84)
440 3617 500 3703 Cia
517 3619 653 3706 Bruto-2·
692 3623 808 3696 ..tange
832 3641 894 3698 post
917 3639 994 3708 aptos
1017 3623 1142 3682 bomine·
1167 3597 1379 3703 improbissimus
1402 3631 1436 3688 C.
1464 3631 1589 3692 Seruilius
1607 3633 1733 3699 Glaucia.
1754 3635 1802 3692 ssd
1826 3651 1963 3712 patrumm
1981 3649 2008 3692 st

223 3687 336 3746 etllrdm
354 3706 562 3772 cumprtmrsqus
580 3689 715 3748 ridiculas·
750 3695 778 3748 lt
795 3713 827 3748 ex
844 3712 957 3750 summu
975 3710 1003 3750 st
1019 3695 1141 3752 fortunas
1159 3715 1185 3754 et
1202 3700 1273 3754 uitae
1290 3701 1412 3758 sordibus
1434 3733 1468 3748 -
1490 3733 1528 3748 -
1543 3735 1578 3750 -
1595 3703 1680 3761 bomo
1695 3705 1847 3762 simillimus
1863 3706 2008 3762 Atheniu-

222 3762 259 3816 ⁸l⁸
277 3755 438 3840 ΗγΡθξΒῠῙιι
456 3775 531 3840 ⁰¹³¹.¹¹!
549 3761 747 3840 improbitatem
758 3777 860 3820 ueteres
871 3765 1022 3838 Atticorum
1034 3765 1191 3825 comoedias
1203 3772 1395 3830 nouumuno”
1432 3771 1475 3832 ct.
1488 3793 1537 3850 pro
1547 3773 1618 3832 trab.
1629 3777 1701 3834 em
1714 3779 1843 3841 &Liuius
1855 3797 1897 3854 sp.
1909 3775 2006 3834 LXIX·

221 3827 313 3885 Aurel-
332 3827 407 3882 Vter·
424 3823 459 3880 da
476 3843 542 3901 urm
559 3827 598 3881 rll.
617 3849 641 3886 c.
658 3837 703 3914 78.
1164 3877 1168 3886 ,
1313 3865 1317 3870 .
1350 3857 1352 3862 .

224 4025 298 4084 vta.
316 4024 336 4080 l·
353 3953 516 4090 cbssllffil
533 3956 606 4012 enim
623 3955 658 4014 (lo
669 3959 817 4018 Samariae
835 3977 862 4018 ss
878 3964 958 4078 sociis
976 3965 1034 4024 sim
1051 3967 1213 4028 nominatim
1231 3985 1287 4029 stat
1312 3969 1460 4032 aarum
1507 3973 1551 4031 Cf·
1575 3975 1634 4034 Cia.
1659 3977 1690 4034 ia
1711 3977 1771 4042 Cn.
1788 3980 1841 4047 111·
1857 3986 1884 4048 θ·
1900 3995 1929 4041 et
1943 3979 2007 4040 Aut.

369 4163 418 4224 86)
435 4157 551 4234 Appius.
568 4157 601 4212 B.
619 4157 653 4214 C.
670 4159 701 4226 I,
717 4165 764 4225 ³2

370 4303 418 4363 87)
435 4295 531 4354 Cicero
548 4295 578 4352 ll.
596 4317 646 4356 as..

370 4441 417 4506 w
435 4433 571 4515 Appium
587 4437 606 4493 l·
623 4459 647 4495 e.

369 4583 416 4646 89)
433 4579 509 4634 Brut.
525 4583 573 4654 625·

224 4785 287 4844 tae
305 4786 355 4842 im·
370 4716 484 4862 {erig
500 4715 632 4844 jiqqpfu·
656 4717 690 4775 do
711 4719 767 4810 tut
785 4721 828 4784 11.
846 4725 891 4784 27·
903 4721 1058 4790 amasa.
1076 4727 1106 4782 u
1124 4725 1180 4782 aa
1198 4727 1266 4804 ιιι).
1284 4729 1319 4786 «a
1336 4731 1368 4786 t.
1386 4731 1482 4789 ann
1500 4735 1628 4795 otrus„
1645 4755 1671 4796 a
1689 4737 1840 4817 ostona.
1881 4743 2006 4836 saara,

341 4929 352 4947 ·
370 4932 418 4998 91)
438 4921 482 4982 ct.
500 4927 568 5002 esp.
587 4930 609 4982 1.
621 4948 685 4990 nor.
702 4939 729 4995 1.

368 5072 416 5140 92)
436 5065 533 5122 mast.
552 5067 739 5128 nemorum
756 5073 792 5128 Τ.
811 5073 862 5130 111.
899 5075 979 5132 Antr-
997 5081 1075 5142 tots
1094 5099 1120 5155 p·
1139 5081 1200 5144 153.

89 4961 134 5034 se
