4934 6078
449 547 530 614 m
731 435 734 453 ’
1069 451 1637 605 montonem.

336 777 347 792 .
453 752 548 819 mm,
572 743 669 841 quos
693 719 734 794 in
758 713 851 792 urbs
874 709 1002 790 officia
1016 707 1208 806 tenerent,
1234 714 1339 792 uelut
1354 683 1595 810 ‘Prasiorum
1618 711 1822 810 Aedilium,
1840 717 2064 814 canuam,
2088 727 2246 804 uomina

454 825 596 910 deferri
626 821 802 916 potuisse.
861 815 949 888 Hoc
975 836 1071 904 uero
1102 829 1232 911 postea
1262 829 1448 888 mutatum
1472 835 1553 888 esse
1577 835 1690 890 nemo
1716 812 1881 908 dubitat,
1917 813 2086 920 ideoque
2109 822 2247 900 Caesar

454 936 496 1007 111
519 919 617 1017 lege,
651 927 766 1014 quarn
792 923 881 986 eunt
911 908 960 984 de
990 906 1213 1007 repetundis
1241 905 1512 1014 tulissemodo
1543 907 1725 1000 diximus,
1764 908 1873 989 nullo
1897 905 2000 986 facto
2025 911 2250 996 discrimine

455 1039 585 1101 emm
608 1012 779 1084 omnium
802 1007 1050 1106 pecuniarum
1075 1022 1270 1102 captarum
1294 1006 1575 1080 accusationem
1600 1007 1808 1096 constituit,
1834 1031 1927 1108 quas
1942 1009 2039 1110 quie
2064 1013 2106 1086 in
2128 1016 2249 1112 magi·

364 1143 370 1170 ι
454 1132 571 1198 stratu
606 1119 791 1206 potestate
827 1103 1024 1178 curatione
1059 1096 1249 1198 legatione
1284 1097 1350 1177 uel
1413 1124 1462 1174 uo
1493 1098 1570 1176 alio
1600 1098 1732 1176 officio
1762 1123 1921 1178 munere
1956 1108 2249 1211 ministerioque

449 1207 609 1324 publico
640 1201 846 1298 accepisset
875 1194 925 1272 ob
955 1199 1014 1270 ius
1044 1191 1247 1271 dicendum
1279 1195 1343 1272 uel
1371 1127 1420 1272 db
1450 1192 1694 1271 iudicandum
1725 1193 2055 1278 decernendumue
2080 1199 2145 1278 uel
2168 1227 2249 1306 quo

454 1306 571 1406 magis
596 1299 809 1374 autminus
835 1291 1000 1396 quidex
1025 1287 1154 1366 officio
1186 1316 1256 1368 suo
1287 1289 1444 1382 faceret3
1462 1293 1532 1389 ⁰⁴)
1569 1289 1774 1380 sedetiam
1797 1297 1849 1368 in·
1862 1290 2019 1396 singulis
2043 1294 2154 1374 rebus
2180 1324 2249 1378 nos
2363 1351 2369 1362 ,

455 1401 628 1482 minutim
659 1390 719 1466 de'
736 1390 888 1464 urbanis
917 1385 1191 1486 magistratibus
1217 1391 1411 1487 cauit..⁰⁵)
1472 1385 1621 1486 Quodsi
1650 1391 1866 1490 quaerimus
1882 1391 2045 1493 quando
2138 1397 2146 1414 '
2177 1419 2249 1475 uus

455 1502 512 1578 rei
535 1511 651 1568 stnms
676 1491 729 1560 ita
753 1503 916 1561 mutatus
941 1481 1070 1574 fuerit,
1106 1481 1207 1560 nihil
1229 1485 1386 1588 quidem
1414 1487 1512 1560 certi
1533 1481 1731 1575 habemus,
1767 1487 1844 1560 nisi
1868 1486 2072 1588 quodiam
2095 1493 2140 1566 in
2190 1515 2248 1568 er-

455 1595 549 1674 uilia
571 1588 657 1682 lege
680 1582 808 1658 multis
832 1579 929 1656 locis
952 1581 1211 1658 accusationes
1239 1609 1263 1656 a
1286 1581 1434 1660 ciuibus
1457 1583 1638 1656 Remuria
1663 1576 1860 1659 faciendae
1884 1605 2248 1677 commemorantum

455 1710 554 1796 quae
577 1703 636 1755 res
661 1684 704 1754 in
727 1702 839 1754 causa
868 1674 958 1769 fuit,
997 1691 1039 1748 ut
1070 1701 1160 1750 cum
1182 1676 1359 1778 Sigonius
1389 1681 1539 1778 inipso
1564 1679 1689 1776 primo
1714 1679 1795 1754 eius
1819 1699 1934 1754 uersu
2029 1683 2037 1699 '
2147 1680 2249 1758 ando

456 1787 602 1866 ciuium
624 1779 882 1852 Romanorum
905 1774 1139 1848 mentionem
1163 1777 1371 1868 iniecisset,
1401 1800 1472 1852 nos
1495 1771 1594 1848 nihil
1618 1772 1665 1847 ab
1691 1797 1738 1848 eo
1763 1773 2057 1850 dissenserimus.
2148 1793 2249 1852 trum

455 1899 581 1957 autem
605 1871 697 1948 huic
720 1871 797 1970 legi
820 1870 918 1944 hauc
942 1870 1190 1944 mutationem
1214 1869 1416 1946 debeamus
1438 1895 1487 1942 an
1508 1871 1640 1945 Iuniae
1663 1894 1744 1946 non
1766 1871 1856 1944 satis
1880 1890 2045 1961 constat}
2083 1889 2250 1950 onumen

456 1974 552 2052 mihi
575 1969 732 2073 quidem
754 1961 951 2068 probabile
974 1981 1048 2054 est,
1086 1963 1293 2044 Seruilium
1324 1972 1491 2068 primum
1523 1967 1627 2040 ciues
1653 1989 1807 2068 queque
1830 1964 1879 2040 ad
1903 1966 2157 2046 accusandum
2181 1993 2250 2044 uo-

385 2099 388 2106 ⁴
456 2093 576 2157 came,
613 2084 813 2166 propterea
837 2059 942 2164 quod
966 2063 1019 2132 its
1043 2081 1089 2134 ea
1117 2063 1346 2152 coniectura,
1371 2062 1419 2141 ad
1496 2085 1558 2138 am
1582 2062 1843 2160 interpretatio
1867 2080 1907 2138 et
1930 2064 2122 2140 restitutio
2144 2062 2251 2141 tabu·

455 2169 578 2242 larum
600 2185 671 2236 nos
696 2162 831 2258 coegit,
856 2159 1002 2257 optime
1024 2151 1204 2247 firmunn,
1229 2181 1314 2258 qna,
1338 2155 1423 2258 lege
1442 2088 1601 2238 dimum
1623 2155 1787 2234 Seruilia
1809 2156 1895 2248 lata,
1926 2159 2169 2258 quaestiones
2192 2183 2251 2236 re·

456 2257 708 2366 petundamm
737 2279 817 2330 non
849 2271 893 2330 ut
923 2269 1011 2326 ante
1040 2277 1063 2324 a
1091 2253 1269 2328 Praetore
1295 2257 1499 2398 peregrino
1524 2248 1593 2328 sed
1615 2277 1638 2326 a
1662 2249 1849 2353 peculiari
1872 2257 2050 2328 Praetura
2074 2271 2252 2354 repetun-

400 2401 402 2410 ,
456 2362 589 2434 darum
624 2353 795 2428 exerceri
829 2352 1001 2448 coepisse
1041 2350 1287 2423 ιιιιιιιὶιιιιιι.ο
1320 2351 1336 2447 )
1404 2353 1584 2426 Ceterum
1630 2366 1674 2424 ut
1708 2347 1809 2427 hano
1847 2351 2130 2426 accusationem
2162 2375 2253 2429 non

456 2451 572 2528 modo
596 2448 775 2526 aduersus
799 2471 905 2534 euin,
933 2445 1001 2542 qui
1024 2446 1205 2542 pecunias
1229 2450 1404 2546 cepisset,
1426 2445 1496 2522 sed
1518 2447 1634 2524 etiam
1658 2443 1838 2520 aduersus
1862 2469 1961 2534 eum,
1985 2447 2055 2545 qui
2078 2449 2162 2547 ipse
2185 2471 2253 2524 cu·

455 2555 563 2624 iusue
588 2569 722 2646 pareus
748 2539 898 2616 filiusue
919 2540 979 2614 illi
1009 2537 1123 2616 heres¹
1143 2536 1264 2614 lactus
1288 2545 1353 2631 sit,
1386 2558 1426 2618 et
1449 2539 1555 2642 quod
1579 2540 1720 2632 adieci,
1741 2543 1806 2636 ⁶⁷)
1837 2539 2016 2618 aduersus
2046 2563 2152 2633 eum,
2184 2545 2253 2645 qui

455 2649 496 2719 in
521 2648 601 2717 eius
627 2657 811 2740 potestate
833 2661 950 2710 -ιιιιιιιιι
972 2635 1215 2731 mancipioue
1238 2633 1372 2726 fuerit,
1404 2639 1482 2710 iam
1505 2660 1555 2710 ex
1577 2634 1663 2734 lege
1685 2635 1848 2718 Seruilia
1871 2633 1955 2710 fieri
1977 2639 2148 2735 potuisse
2172 2662 2254 2714 cer·

454 2759 536 2815 tum
559 2757 626 2827 est,
651 2739 704 2810 ita
721 2751 878 2822 constat,
901 2729 1025 2828 legem
1047 2725 1249 2800 Seruiliam
1272 2747 1311 2804 et
1334 2749 1421 2834 post
1444 2756 1529 2808 eum
1553 2730 1771 2806 Comeliam
1794 2733 2008 2834 Iubamque
2031 2733 2186 2825 neumae,
2212 2753 2255 2810 ut

455 2836 503 2912 ad
527 2851 792 2942 quemeumque
817 2828 1091 2927 peruenissent,
1116 2819 1163 2894 ab
1187 2845 1236 2898 eo
1259 2830 1448 2924 pecuniae
1472 2845 1606 2926 captae
1627 2827 1751 2924 repeti
1772 2846 1938 2926 possent.
1952 2829 2019 2924 ⁰⁸)

653 2929 715 2998 De
740 2923 914 3022 pecuniis
937 2915 1155 3019 repetundis
1178 2924 1267 2996 satis
1291 2919 1438 2998 dictum
1461 2942 1534 3011 est;
1572 2939 1675 3000 nunc
1699 2941 1758 2994 res
1789 2925 1870 3021 ipsa
1895 2939 2043 3014 monet,
2079 2939 2123 2996 ut
2146 2919 2254 2998 dein·

457 3047 546 3126 ceps
571 3020 620 3095 ad
643 3019 745 3118 leges
770 3035 1000 3092 transeamus
1024 3011 1250 3109 iudiciarias,
1275 3019 1317 3090 in
1341 3017 1481 3119 quibau
1503 3037 1543 3094 et
1565 3019 1658 3118 ipsis
1682 3015 1843 3092 eandem
1859 3013 2062 3092 Seruiliam
2086 3040 2169 3095 esse
2192 3043 2254 3092 su-

456 3145 524 3294 pra
548 3117 694 3192 dictum
718 3132 785 3192 est.
849 3115 947 3190 Cum
971 3113 1093 3201 enim,
1131 3105 1172 3187 id
1195 3111 1301 3212 quod
1324 3129 1412 3190 ante
1436 3113 1688 3216 Calpurnium
1711 3110 1895 3204 obtinuit,
1932 3130 1977 3186 ut
2001 3114 2132 3189 omnia
2155 3113 2256 3188 iudi-

483 3219 557 3292 icia
580 3209 736 3316 publica
758 3232 874 3326 penes
903 3204 1090 3310 populum
1119 3226 1185 3284 eut
1212 3227 1388 3284 senatum
1417 3227 1557 3303 essent,
1594 3206 1642 3282 ad
1666 3229 1812 3282 nouum
1835 3204 1933 3282 illud
1958 3211 2104 3284 crimen
2129 3209 2256 3286 uindi-

455 3312 619 3394 candum
643 3313 800 3384 retinen
824 3331 904 3380 non
926 3320 1068 3422 posset,
1106 3307 1198 3405 quia
1227 3303 1275 3380 de
1304 3305 1551 3406 optimatibus
1579 3295 1744 3405 populus
1775 3321 1948 3380 senatum
1972 3303 2023 3378 ob
2046 3310 2149 3405 paris
2174 3305 2256 3380 cul·

454 3435 525 3514 pae
548 3405 824 3484 conscientiam
847 3407 966 3480 ninus
996 3397 1248 3499 indulgentia,
1290 3421 1441 3479 senense
1463 3421 1592 3478 autem
1615 3398 1802 3500 populum
1826 3399 1876 3476 ob
1901 3423 2018 3500 graue
2040 3400 2174 3482 odium
2197 3404 2255 3474 ni·

453 3511 534 3582 mia
552 3505 751 3578 seueritate
769 3499 999 3574 iudicaturos
1016 3518 1098 3570 esse
1112 3493 1304 3596 putabant,
1322 3495 1386 3572 lex
1398 3496 1603 3599 Calpurnia
1615 3497 1738 3597 prima
1756 3498 1920 3570 instituit
1935 3492 2065 3572 album
2082 3495 2255 3574 iudicum

456 3600 694 3690 selectorum,
721 3622 884 3700 quorum
908 3611 1032 3670 certus
1057 3615 1236 3670 numerus
1261 3593 1309 3670 ad
1333 3593 1500 3694 singulas
1522 3617 1654 3672 causas
1679 3587 1775 3666 editi
1798 3588 1941 3668 lactine
1958 3595 2084 3698 inque
2109 3617 2173 3670 eas
2197 3595 2255 3668 iu·

456 3701 545 3789 rati,
570 3698 793 3770 auctoritate
816 3692 1003 3766 Praetoris
1033 3711 1125 3788 pere
1170 3693 1225 3764 ini
1256 3685 1447 3790 deceptis
1481 3691 1654 3792 pecuniis
1680 3683 1905 3763 iudicarent.
1954 3689 2092 3764 Postea
2116 3709 2254 3778 autem,

455 3795 588 3870 saltem
612 3789 757 3890 legibus
781 3787 970 3864 Comeliis
1001 3783 1097 3875 latis,
1151 3787 1183 3858 is
1208 3785 1398 3861 indicibus
1434 3812 1515 3862 non
1543 3785 1669 3863 solum
1698 3787 1827 3857 omniu
1857 3783 2013 3886 publica
2042 3782 2108 3857 sed
2140 3785 2255 3856 etiam

483 3897 603 3965 riuata
627 3887 768 3962 iudicia
793 3903 972 3960 concessa
996 3881 1098 3972 sunt,
1135 3901 1179 3956 ut
1203 3882 1252 3957 ad
1276 3881 1343 3956 illa
1368 3899 1491 3958 cartus
1515 3905 1695 3956 numerus
1726 3879 1943 3980 eligeretur,
1980 3883 2022 3950 in
2045 3875 2105 3950 his
2130 3882 2257 3978 singu·

454 3919 514 4064 lae
539 4007 672 4060 causae
697 3982 852 4082 singulis
878 3978 1122 4053 traderentur.
1170 3982 1253 4056 Hos
1278 3997 1405 4054 autem
1430 3979 1586 4070 iudices,
1612 3979 1759 4051 etiamsi
1783 3996 1933 4052 serratus
1957 3975 2173 4050 auctoritati
2198 3979 2256 4048 iu-

453 4083 556 4158 dicia
586 4080 775 4156 subtracta
804 4076 1039 4164 uiderentur,
1078 4091 1205 4149 tamen
1236 4101 1284 4152 ex
1314 4075 1404 4151 solis
1435 4071 1671 4150 senatoribus
1695 4069 1815 4146 lectos
1841 4069 1956 4146 fuisse
1980 4091 2095 4142 nemo
2121 4073 2254 4158 nescit,

454 4179 594 4272 donec,
634 4175 738 4280 quod
768 4179 845 4249 iam
866 4170 1051 4246 Tiberius
1084 4169 1278 4248 Gracchus
1309 4190 1471 4248 tentasse
1502 4167 1659 4262 dicitur,
1675 4169 1744 4265 θ’)
1781 4165 1897 4242 buter
1920 4167 2002 4241 eius
2028 4165 2146 4242 Gaius
2170 4161 2256 4269 lep

537 4349 540 4354 Ι
600 4373 650 4444 64)
670 4366 702 4434 L,
721 4376 748 4434 1·
765 4374 794 4432 d·
810 4368 837 4431 4.
855 4365 892 4421 D.
907 4363 945 4419 ds
962 4361 1021 4438 legs
1039 4361 1092 4418 lul.
1108 4380 1165 4440 asp.

599 4515 649 4587 65)
670 4501 1012 4582 L06·5.2.1..0.ud.

602 4661 649 4722 66)
665 4654 735 4730 Cep.
752 4651 819 4713 vlt,
837 4653 896 4704 not.
913 4651 941 4710 1·
1138 4597 1142 4605 Ι

539 4755 543 4762 ·
603 4799 650 4861 ⁶7)
669 4793 858 4871 Crp.1‚not.
874 4793 920 4865 ¹3:

604 4939 654 5007 68)
673 4931 739 5008 Gap.
757 4933 785 4994 1,
804 4945 862 4986 not.
880 4929 924 4995 15·
941 4929 997 4995 xt,
1015 4948 1074 4989 ιιοι.
1090 4937 1118 4996 ε

557 5037 561 5046 ¹
605 5081 653 5148 69)
672 5071 716 5129 Cl-
733 5069 836 5126 Duker.
853 5071 888 5127 ad
905 5071 976 5130 Flos.
993 5075 1050 5136 111.
1069 5077 1112 5136 17.

1719 4436 1729 4468 l
