4978 6090
514 544 631 610 πω
798 649 802 658 ¹
1119 457 1673 614 ,rnouueonmta

515 747 591 827 ope
614 720 794 814 adiutum,
817 743 880 796 me
902 740 1151 822 quaecunque
1174 713 1399 818 perfecerim
1415 713 1617 816 perfecisse
1632 713 1795 792 libenter
1817 711 2011 792 confiteor.
2040 715 2118 789 *En
2142 717 2201 790 his
2224 743 2293 795 no-

515 824 699 904 minarem
720 817 935 908 Sauinium,
964 815 1032 916 qui
1055 812 1128 888 hac
1156 835 1310 916 quoque
1332 815 1375 886 in
1404 836 1446 886 re
1469 832 1614 886 summa
1637 835 1725 886 cum
1748 809 1980 886 humanitate
2003 828 2042 887 et
2065 809 2293 890 beneuolen-

515 923 568 992 tia
591 939 653 990 me
682 912 853 987 doctrina
876 935 943 984 sua
972 928 1012 984 et
1035 905 1197 984 consilio
1221 903 1447 1008 impastus
1478 927 1550 997 est,
1585 909 1821 982 nominarem
1850 905 2109 998 Hauboldm,
2142 909 2207 982 cui
2231 934 2293 986 me

450 1057 455 1067 x
514 1033 629 1113 opere
659 1015 813 1110 peracto
846 1009 988 1106 gratias!
1011 1027 1122 1103 egere
1151 1027 1231 1078 non
1253 1013 1365 1103 posse
1396 1006 1616 1102 grauissime
1644 999 1779 1093 doleo,
1809 1005 2045 1078 nominarem
2077 1007 2291 1102 Hugonenn

512 1110 579 1210 qui
602 1130 677 1180 una
701 1127 790 1178 cum
813 1101 889 1177 hoc
912 1105 1055 1202 primus
1079 1101 1249 1174 uirorum
1272 1097 1472 1172 doctorum
1490 1121 1538 1172 ex
1564 1100 1791 1174 ectationem
1814 1101 2019 1196 praeconio
2036 1124 2107 1174 suo
2131 1102 2173 1172 in
2195 1123 2291 1198 opua

500 1221 680 1298 ‘nostrum
710 1215 932 1274 conuertere
955 1195 1128 1293 dignatus
1158 1209 1231 1286 est,
1266 1197 1300 1268 si
1323 1192 1383 1265 hie
1406 1195 1499 1284 uiris
1523 1123 1638 1292 ‹iigno
1663 1191 1794 1267 habitu
1816 1189 1969 1290 prodire
2002 1197 2157 1286 aeirem,
2193 1217 2290 1296 quae

509 1321 642 1374 eorum
670 1291 887 1372 nominibus
915 1307 1071 1392 accepta
1099 1287 1192 1365 fero.
1256 1291 1433 1366 Ceterum
1460 1286 1565 1390 quod
1592 1289 1711 1362 multa
1740 1287 1831 1364 Tibi
1867 1291 2002 1370 minua*
2028 1289 2218 1365 elaborata
2251 1307 2290 1364 et

509 1391 677 1493 perfecta
700 1387 928 1466 uidebuntur
950 1390 1004 1461 ita
1026 1383 1237 1478 excusabit,
1274 1407 1337 1458 me
1366 1381 1534 1458 noluisse
1563 1385 1725 1484 emplius
1748 1387 1790 1458 in
1812 1383 2061 1500 Petpoliendo
2085 1382 2185 1460 libro
2207 1409 2289 1460 mo·

508 1491 600 1580 rari,
634 1511 685 1563 ne
715 1509 813 1587 quae
842 1483 1000 1559 meliora
1033 1481 1191 1556 reddere
1221 1478 1360 1556 uellem
1384 1478 1573 1554 deteriora
1598 1477 1781 1569 facerem
1821 1503 1904 1580 apae
1932 1484 2036 1554 enim
2071 1479 2167 1557 bene
2194 1484 2288 1573 scio,

507 1585 742 1688 quantopere
765 1586 806 1656 in
829 1577 1047 1654 huiusmodi
1070 1573 1210 1652 conat'u
1233 1573 1441 1658 uerendum
1460 1577 1531 1666 eit,
1561 1573 1682 1652 need
1706 1594 1915 1650 extremum
1939 1575 2147 1652 diuinando
2170 1578 2305 1652 coni-s
2355 1667 2359 1674 .

508 1679 632 1779 gendo
661 1674 892 1754 restituendo
921 1673 1031 1774 plura
1059 1691 1301 1747 renascantur
1331 1695 1444 1840 cmm
1476 1695 1606 1744 reuera
1638 1669 1833 1772 deperdita
1862 1673 1947 1750 sint.
1990 1671 2096 1750 Vale.

453 1801 454 1808 ¹
581 1830 585 1840 -
704 1768 922 1850 Scribeba'm
943 1768 1112 1846 Beroh'ni
1135 1767 1186 1842 id.
1207 1766 1316 1843 Febr.
1424 1767 1644 1844 CCCXXV.
