4978 6090
858 529 1424 640 raotsoonant.
1956 579 2040 696 ...ι
2138 467 2145 484 ’

251 755 459 834 memorias
482 753 660 830 omiserit.
720 753 819 828 Nam
843 753 910 829 uel
938 757 979 828 in
1010 758 1208 832 Iustiniani
1234 755 1531 832 institutionibus
1547 759 1614 858 ⁸⁶)
1637 753 1697 830 bis
1721 755 1812 856 ipsis
1844 755 1930 828 Caii
1952 779 2038 832 uer·

250 851 309 928 bis
334 857 471 928 tutoris
494 857 661 926 actiones
686 867 724 925 et
748 849 932 926 iudicium
957 850 1050 951 legis
1072 854 1259 928 Hostiliae
1282 879 1361 928 non
1385 855 1498 948 aliam
1522 855 1571 930 ob
1596 876 1746 930 causam
1770 849 1916 924 adiecta
1940 873 2036 944 sunt,

249 953 325 1023 nisi
343 948 459 1052 'quod
484 952 520 1022 ei
544 945 779 1038 exciderant,
805 965 843 1020 et
868 951 954 1022 Gaii
979 946 1211 1050 temporibus
1236 955 1311 1023 iam
1343 950 1484 1026 dudum
1509 955 1551 1024 in
1574 943 1860 1024 desuetudinem
1884 945 2035 1040 abierat,

249 1063 293 1118 ut
317 1073 387 1146 pro
404 1049 609 1146 ‘peregrino
633 1041 787 1117 alterius
811 1049 967 1117 nornine
990 1065 1175 1144 ageretur:
1214 1047 1364 1122 abolitis
1388 1053 1491 1121 enim
1515 1043 1609 1144 legis
1633 1041 1847 1118 actionibus
1871 1049 2035 1142 peregri-

249 1163 343 1310 pum
371 1139 646 1284 iictassciuitate
675 1143 833 1240 proprio
862 1145 1018 1216 nomine
1048 1165 1117 1244 per
1145 1140 1349 1218 formulam
1378 1165 1487 1243 agere
1512 1144 1681 1244 potuisse
1704 1137 1752 1212 ab
1778 1138 1912 1214 eodem
1926 1143 2035 1214 Caio
2162 1135 2166 1152 '

276 1263 439 1314 ocemur.
730 1259 733 1264 ·

444 1239 560 1408 Nuitc
588 1331 796 1407 uidendum
820 1349 892 1424 est,
957 1331 1152 1408 uibusnam
1182 1339 1352 1436 personis
1377 1355 1415 1410 et
1439 1335 1616 1410 aduersus
1647 1355 1827 1435 masuam
1856 1357 2034 1433 personas

246 1428 541 1531 repetundarum
573 1427 722 1502 iudicio
749 1433 914 1528 experiri
930 1361 1113 1520 iicuerit3
1149 1437 1190 1506 in
1220 1457 1297 1533 quo
1331 1436 1364 1508 si
1399 1433 1447 1506 ad
1500 1436 1662 1505 riuatum
1685 1433 1926 1528 respicimus,
1959 1433 2035 1505 iam

246 1551 326 1601 non
350 1543 408 1601 est
432 1525 608 1615 dubium,
645 1529 739 1626 quin
768 1549 918 1626 semper
945 1545 989 1600 ut
1018 1527 1134 1602 modo
1157 1529 1322 1603 diximus
1353 1529 1401 1604 ad
1424 1459 1526 1602 soibs
1551 1528 1769 1628 peregrinos
1793 1529 2033 1694 pertinuerit:

246 1625 306 1694 sin
337 1621 385 1695 ad
416 1621 629 1722 publicum,
666 1621 830 1696 dubitari
853 1626 989 1723 possit,
1020 1647 1147 1698 armon
1177 1624 1218 1698 id
1249 1626 1352 1728 quod
1383 1644 1514 1727 postea
1544 1622 1737 1696 obseruari
1760 1643 1803 1696 so
1820 1619 1921 1710 ebat,
1958 1625 2035 1694 iam

245 1717 437 1884 prioribus
461 1716 693 1818 temporibus
718 1716 943 1809 obtinuerit,
983 1735 1028 1792 ut
1052 1720 1199 1794 ciuibus
1231 1745 1385 1836 quoque
1415 1721 1595 1796 Romanis
1619 1739 1761 1792 nomeu
1785 1717 1944 1791 alicuius
1970 1715 2034 1790 de·

262 1834 347 1887 erre
375 1816 600 1928 permissum
622 1811 755 1888 fuerit.
802 1813 885 1906 sed,
919 1819 1093 1916 quamuis
1113 1819 1258 1904 Cicero,
1279 1843 1347 1918 qut
1364 1821 1556 1891 sociorum
1581 1837 1693 1886 causa
1709 1816 1930 1915 quaestione
1948 1811 2036 1884 mde

243 1910 419 2007 pecuniis
443 1907 661 2010 repetundis
682 1913 924 1982 constitutam
949 1935 1029 1983 esse
1053 1928 1217 2002 testatur,
1234 1915 1300 2010 ⁸⁸)
1324 1913 1392 1986 has
1416 1911 1669 1984 dubitationes
1686 1931 1766 1983 non
1789 1912 1878 1984 satis
1899 1903 2035 1980 tollere

245 2002 435 2076 uideatur:
473 2019 575 2078 extat
604 2004 822 2105 exemplum
853 2004 1044 2108 quoddam
1072 2013 1303 2110 quaestionis
1333 2007 1625 2109 repetundarum
1655 2021 1761 2080 extra
1790 2002 1964 2078 ordinem
1987 2025 2034 2076 eo

245 2103 416 2200 tempore
440 2103 654 2193 institutae,
680 2125 759 2202 quo
783 2099 926 2178 dudum
950 2123 1150 2204 perpetuas
1174 2105 1435 2180 introduxerat
1458 2103 1523 2177 lex
1546 2101 1760 2201 Calpurnia,
1787 2100 1891 2202 quod
1915 2097 2035 2198 expli·

244 2215 332 2269 care
362 2197 437 2268 nisi
467 2219 511 2268 es
540 2201 688 2270 ratione
704 2221 792 2272 non
843 2221 1034 2291 assumus,
1071 2199 1176 2302 quod
1200 2225 1224 2274 a
1246 2201 1395 2276 ciuibus
1420 2201 1601 2274 Romanis
1623 2195 1724 2271 facta
1747 2215 1805 2272 est
1829 2197 2032 2270 accusatio.

242 2293 396 2390 Loquor
420 2307 546 2364 autem
569 2289 619 2366 de
649 2291 720 2366 illo
749 2296 791 2367 L.
854 2291 987 2386 obulo,
1029 2301 1097 2398 qui
1126 2316 1328 2399 postquam
1358 2298 1399 2374 L.
1423 2291 1583 2370 Metello
1607 2311 1646 2368 et
1670 2295 1718 2390 Q.
1742 2295 1913 2368 Maximo
1937 2313 2032 2366 coss.

240 2385 347 2482 (ota)
370 2387 526 2462 Praetor
548 2385 691 2472 fuerat,
707 2391 774 2484 ⁸⁹)
789 2473 791 2482 y
807 2415 855 2466 en
878 2405 1053 2505 praetura
1075 2391 1126 2466 ob
1156 2417 1238 2467 rem
1261 2391 1504 2468 iudicandam
1527 2393 1730 2490 pecuniam
1753 2392 1899 2490 cepisse
1920 2411 2033 2462 accu-

239 2500 342 2558 satus
373 2499 412 2556 et
442 2482 588 2558 iudicio
618 2485 917 2559 extraordinario
940 2509 965 2558 a
988 2487 1058 2558 Gn.
1083 2485 1247 2562 seruilio
1273 2491 1466 2585 Caepione
1495 2484 1662 2558 Consule
1691 2483 1808 2579 (61³)
1837 2483 2033 2558 damnatus

233 2595 306 2652 est
323 2579 390 2676 ο»0)
430 2577 546 2650 'Sunt
568 2565 661 2653 uer‘o
685 2601 879 2694 praeterea
903 2583 971 2680 qui
994 2595 1174 2678 tanquam
1199 2586 1310 2656 Liuio
1335 2600 1374 2653 et
1399 2585 1584 2654 Cicerone
1607 2581 1825 2654 auctoribus
1841 2581 1906 2676 Μ)
1930 2575 2035 2650 aliud

145 2761 148 2768 Ι
239 2695 397 2772 quoque
421 2671 592 2745 eiusdem
617 2695 707 2744 anm
730 2673 918 2744 iudicium
935 2671 1285 2764 extraordinarium,
1311 2673 1416 2774 quod
1439 2693 1518 2744 non
1541 2695 1564 2742 a
1588 2671 1736 2747 ciuibus
1753 2676 1943 2763 Romanis,
1967 2667 2034 2746 sed

240 2791 264 2836 a
298 2768 508 2860 peregrinis
543 2768 708 2864 petitum
725 2781 855 2852 esset,
893 2759 1071 2852 afferant,
1088 2765 1154 2857 ⁶²)
1191 2765 1258 2839 sed
1293 2787 1431 2842 uereor
1469 2788 1519 2840 ne
1554 2765 1667 2842 ualde
1692 2787 1834 2860 errent3
1873 2765 2033 2842 eandem
2120 2815 2127 2826 -

240 2860 346 2931 enim
382 2879 533 2930 causam
567 2855 742 2934 Valerius
772 2860 962 2954 Maximus
988 2859 1101 2933 Liuio
1132 2875 1170 2933 et
1198 2865 1387 2937 Cicerone
1415 2859 1537 2936 multo
1568 2861 1785 2964 diligentius
1815 2869 1869 2941 ita
1897 2849 2033 2953 uariat,

239 2967 284 3024 ut
306 2954 405 3023 satis
421 2967 608 3050 appareat,
634 2954 681 3027 Τ.
706 2954 955 3056 Torquatum,
981 2977 1096 3052 quem
1120 2955 1307 3031 iudicium
1323 2962 1536 3034 exercuisse
1552 2977 1732 3054 statuunt,
1746 2987 1825 3038 non
1844 2963 2033 3080 quaestio·

237 3067 339 3135 nem,
363 3044 430 3118 sed
455 3063 601 3119 tantum
631 3047 829 3121 arbitrium
859 3052 971 3122 inea
1002 3071 1115 3124 causa
1138 3075 1248 3130 susce
1275 3057 1365 3146 isse,
1401 3053 1568 3158 ideoque
1596 3076 1721 3131 totum
1744 3059 1932 3134 iudicium
1954 3081 2035 3132 non

199 3217 207 3232 ¹
236 3134 446 3240 publicum,
471 3141 538 3213 sed
555 3145 747 3240 priuatum
764 3141 976 3244 fuisse.·⁰⁸)
1024 3145 1219 3240 Quamdiu
1242 3171 1296 3226 sta
1316 3153 1507 3227 accusatio
1558 3151 1685 3228 ablica
1708 3179 1731 3228 a
1753 3155 1844 3230 solis
1870 3157 2035 3256 peregri·

236 3237 307 3352 ιιὶει
322 3233 406 3309 iieri
428 3253 596 3336 poterat,
634 3243 983 3342 consequitprnon
1006 3241 1169 3316 aliorum
1194 3271 1309 3348 quam
1339 3251 1407 3351 qui
1459 3269 1502 3321 ro
1526 3177 1764 3348 Braetoribus
1789 3273 1909 3348 proue
1933 3253 2034 3326 Con·

235 3327 398 3444 ssdrbus,
430 3335 549 3434 quiue
572 3337 615 3406 in
638 3331 776 3408 borum
802 3340 986 3412 comitatu
1008 3333 1047 3410 le
1072 3355 1220 3414 atorum
1240 3367 1398 3420 munere
1439 3363 1680 3444 ungerentur,
1705 3349 1821 3448 quiue
1844 3363 1950 3420 extra
1974 3369 2034 3420 or·

235 3419 368 3550 dinem
392 3450 482 3551 cum
504 3433 669 3530 imperio
693 3429 865 3506 militari,
881 3453 988 3510 extra
1015 3459 1063 3508 ur
1089 3446 1151 3512 en't
1180 3444 1439 3542 magistratum
1462 3443 1677 3541 gessissem,
1712 3467 1792 3518 non
1816 3461 1944 3518 autem
1967 3463 2032 3518 eo·

317 3650 320 3660 '
386 3652 440 3726 56)
456 3651 503 3707 Pr.
519 3653 542 3710 1.
559 3651 593 3709 ds
611 3653 659 3716 iis,
676 3675 703 3732 p·
721 3675 749 3732 q.
766 3673 845 3732 agata
861 3675 1012 3736 postumae
1047 3661 1508 3743 ct.t.12apr.n.a·ttt·

232 3853 234 3858 ,
276 3869 284 3884 ,
359 3867 366 3885 .
384 3801 435 3873 st)
453 3799 543 3883 „item
560 3799 654 3884 eisitan
671 3803 797 3872 Romans
813 3809 954 3882 peregrino
970 3809 1106 3898 Rapitur..
1116 3813 1140 3878 ti
1161 3832 1196 3870 so
1219 3815 1331 3900 sonips
1354 3833 1430 3908 apt.
1459 3831 1506 3902 qut
1525 3832 1589 3872 eum
1606 3829 1640 3872 so
1656 3829 1762 3892 afluat,
1784 3830 1839 3892 quo
1855 3818 1968 3876 aomina
1983 3835 2033 3876 uo·

237 3882 299 3928 stra
315 3867 419 3950 lapibus
433 3885 506 3926 ,aeno
523 3887 666 3958 mutatura
683 3889 735 3938 sn.
751 3903 790 3924 -
805 3906 843 3925 -
857 3906 895 3926 ··
911 3879 987 3940 astar
1001 3901 1027 3942 st
1042 3883 1109 3966 futu
1124 3901 1186 3962 agat
1201 3887 1373 3972 peregimus·
1420 3887 1503 3948 Gau
1519 3889 1577 3957 W.
1592 3893 1640 3954 ³7.

230 4029 234 4034 '
383 4000 682 4090 [fflit'tvetnlhfi⁸

283 4111 285 4114 Ι
382 4107 804 4229 δθὶῦίέιεᾰλιιΧΜΗ
907 4198 910 4206 v

384 4299 833 4372 60)Cio.dain.11.16.,‚dn
850 4323 880 4366 tu
897 4329 942 4366 tas
959 4311 995 4368 ds
1012 4315 1044 4372 L.
1062 4315 1174 4372 Tubulo
1209 4329 1269 4378 uus
1286 4318 1397 4378 diesrsi
1422 4321 1570 4398 quiquam
1589 4321 1699 4379 Praetor
1747 4321 1892 4380 tutionem
1910 4324 1980 4380 intas
1996 4325 2032 4381 ti·

233 4363 320 4490 εἶξε
337 4369 510 4490 caespitem.
530 4371 567 4426 its
584 4391 676 4449 aperta
693 4384 764 4462 capit
778 4388 913 4452 pumat
930 4383 966 4468 ob
977 4405 1042 4469 fens
1059 4385 1176 4444 aaran
1219 4411 1262 4454 m,
1286 4407 1316 4448 ut
1333 4411 1406 4448 anua
1424 4393 1546 4468 proxim
1567 4393 1597 4446 Ρ.
1612 4391 1724 4450 ‘Scaeuo
1773 4395 1824 4454 Tt·
1841 4395 1879 4472 pl·
1898 4393 1978 4452 ferret
1993 4391 2029 4451 td

232 4451 252 4510 p
312 4454 350 4498 us.
367 4437 504 4494 ualentes
520 4439 555 4495 ds
572 4462 604 4498 ea
622 4465 650 4500 rs
667 4465 768 4522 quaen.
797 4467 853 4524 quo
874 4451 1014 4528 plebiscita
1037 4453 1143 4513 deamat
1166 4479 1293 4518 aoeuatu
1311 4480 1351 4519 ert
1368 4461 1481 4520 &ntuli
1500 4464 1620 4537 quaestio
1637 4463 1690 4518 Cn.
1704 4465 1842 4540 Caepioni.
1873 4461 2028 4524 borsensis

232 4503 490 4636 fflaspu'l'ubulut
505 4513 603 4576 surim,
623 4535 673 4570 nec
690 4518 850 4593 respondere
867 4539 962 4588 ausum
986 4528 1151 4584 arestonius
1170 4548 1213 4586 tes
1236 4533 1370 4608 apertas.”
1417 4532 1463 4595 Cf.
1488 4531 1523 4590 d·
1539 4533 1615 4594 finib·
1631 4535 1688 4598 lv,
1712 4540 1760 4601 28
1783 4535 1825 4600 V.
1916 4535 1950 4598 d·
1972 4555 2028 4596 nst·

299 4613 309 4634 .
374 4584 447 4642 ,w
464 4581 494 4642 1,
511 4587 556 4644 2³.
573 4583 608 4640 ft.
627 4603 693 4644 orat·
711 4607 761 4664 pro
778 4587 879 4646 Secuto
896 4610 923 4650 at
940 4596 1077 4654 pennati
1094 4597 1189 4674 trigeni
1206 4599 1271 4660 diss.
1288 4623 1318 4681 p.
1335 4606 1399 4670 152.

380 4721 431 4791 ὀί)
449 4719 543 4780 Liuius
560 4741 605 4802 ep.
624 4727 699 4782 tw.
718 4727 778 4785 Cic·
795 4729 832 4786 ds
848 4729 895 4788 fla.
912 4733 942 4798 1.
960 4739 989 4797 7.

378 4863 430 4934 62)
446 4859 573 4936 sigonis·
590 4863 626 4922 ds
642 4867 701 4924 iud.
718 4871 762 4934 11.
773 4877 824 4935 27.

232 5081 330 5128 em·-
343 5000 1287 5168 tett-.t¹:s,tna„·;.tn·testtenete
1304 5043 1361 5084 ¹¹¹²
1379 5028 1459 5087 ‘¹³¹¹'
1477 5045 1582 5094 Μ·
1599 5035 1785 5107 ,sata
1802 5049 1946 5098 mm
