<?xml version="1.0" encoding="UTF-8"?>
<!DOCTYPE html PUBLIC "-//W3C//DTD XHTML 1.0 Transitional//EN"
    "http://www.w3.org/TR/xhtml1/DTD/xhtml1-transitional.dtd">
<html xmlns="http://www.w3.org/1999/xhtml" xml:lang="en" lang="en">
 <head>
  <title>
</title>
<meta http-equiv="Content-Type" content="text/html;charset=utf-8" />
  <meta name='ocr-system' content='tesseract 3.04.00' />
  <meta name='ocr-capabilities' content='ocr_page ocr_carea ocr_par ocr_line ocrx_word'/>
</head>
<body>
  <div class='ocr_page' id='page_1' title='image "./fragmentalegiss00klengoog_0033.png"; bbox 0 0 4978 6090; ppageno 0'>
   <div class='ocr_carea' id='block_1_1' title="bbox 613 794 2407 1724">
    <p class='ocr_par' dir='ltr' id='par_1_1' title="bbox 613 794 2407 1724">
     <span class='ocr_line' id='line_1_1' title="bbox 678 794 2322 924; baseline -0.004 -26"><span class='ocrx_word' id='word_1_1' title='bbox 678 794 1178 924; x_wconf 63' lang='lat' dir='ltr'><strong>nuntiorumque</strong></span> <span class='ocrx_word' id='word_1_2' title='bbox 1209 797 1559 916; x_wconf 78' lang='lat' dir='ltr'><strong>uonmnsqm.</strong></span> <span class='ocrx_word' id='word_1_3' title='bbox 1588 803 1838 890; x_wconf 78' lang='lat' dir='ltr'><strong>nuutno.</strong></span> <span class='ocrx_word' id='word_1_4' title='bbox 1869 804 2022 893; x_wconf 75' lang='lat' dir='ltr'><strong>esre.</strong></span> <span class='ocrx_word' id='word_1_5' title='bbox 2053 804 2137 887; x_wconf 80' lang='lat' dir='ltr'><strong>en·</strong></span> <span class='ocrx_word' id='word_1_6' title='bbox 2164 803 2322 916; x_wconf 75' lang='lat' dir='ltr'><strong>QVAE-</strong></span> 
     </span>
     <span class='ocr_line' id='line_1_2' title="bbox 677 955 2324 1076; baseline -0.002 -28"><span class='ocrx_word' id='word_1_7' title='bbox 677 965 811 1048; x_wconf 84' lang='lat' dir='ltr'><strong>sno.</strong></span> <span class='ocrx_word' id='word_1_8' title='bbox 841 965 993 1050; x_wconf 74' lang='lat' dir='ltr'><strong>esso</strong></span> <span class='ocrx_word' id='word_1_9' title='bbox 1021 956 1367 1076; x_wconf 66' lang='lat' dir='ltr'><strong>mmmmm)</strong></span> <span class='ocrx_word' id='word_1_10' title='bbox 1399 960 1734 1048; x_wconf 75' lang='lat' dir='ltr'><strong>tovnrcsmo</strong></span> <span class='ocrx_word' id='word_1_11' title='bbox 1763 955 2053 1073; x_wconf 77' lang='lat' dir='ltr'><strong>nnmsovu</strong></span> <span class='ocrx_word' id='word_1_12' title='bbox 2066 955 2100 1068; x_wconf 87' lang='lat'><strong>¹)</strong></span> <span class='ocrx_word' id='word_1_13' title='bbox 2140 962 2324 1048; x_wconf 78' lang='lat' dir='ltr'><strong>unsru-</strong></span> 
     </span>
     <span class='ocr_line' id='line_1_3' title="bbox 639 1111 2407 1240; baseline 0.002 -36"><span class='ocrx_word' id='word_1_14' title='bbox 639 1121 866 1204; x_wconf 79' lang='lat' dir='ltr'><strong>uurro.</strong></span> <span class='ocrx_word' id='word_1_15' title='bbox 918 1117 1057 1232; x_wconf 76' lang='lat' dir='ltr'><strong>Qum</strong></span> <span class='ocrx_word' id='word_1_16' title='bbox 1094 1117 1375 1234; x_wconf 77' lang='lat' dir='ltr'><strong>Qvouovn.</strong></span> <span class='ocrx_word' id='word_1_17' title='bbox 1415 1111 1751 1240; x_wconf 72' lang='lat' dir='ltr'><strong>tovmourmu</strong></span> <span class='ocrx_word' id='word_1_18' title='bbox 1789 1122 1881 1204; x_wconf 81' lang='lat' dir='ltr'><strong>nr.</strong></span> <span class='ocrx_word' id='word_1_19' title='bbox 1918 1117 1973 1200; x_wconf 86' lang='lat' dir='ltr'><strong>H.</strong></span> <span class='ocrx_word' id='word_1_20' title='bbox 2011 1121 2059 1200; x_wconf 81' lang='lat' dir='ltr'><strong>n.</strong></span> <span class='ocrx_word' id='word_1_21' title='bbox 2106 1121 2323 1204; x_wconf 77' lang='lat' dir='ltr'><strong>numm.</strong></span> <span class='ocrx_word' id='word_1_22' title='bbox 2402 1197 2407 1208; x_wconf 89' lang='lat'>.</span> 
     </span>
     <span class='ocr_line' id='line_1_4' title="bbox 613 1267 2324 1396; baseline -0.002 -31"><span class='ocrx_word' id='word_1_23' title='bbox 613 1275 657 1348; x_wconf 83' lang='lat' dir='ltr'><strong>v-</strong></span> <span class='ocrx_word' id='word_1_24' title='bbox 680 1279 908 1364; x_wconf 77' lang='lat' dir='ltr'><strong>noumu.</strong></span> <span class='ocrx_word' id='word_1_25' title='bbox 937 1277 992 1359; x_wconf 83' lang='lat' dir='ltr'><strong>H.</strong></span> <span class='ocrx_word' id='word_1_26' title='bbox 1022 1280 1071 1360; x_wconf 80' lang='lat' dir='ltr'><strong>r.</strong></span> <span class='ocrx_word' id='word_1_27' title='bbox 1100 1280 1266 1366; x_wconf 79' lang='lat' dir='ltr'><strong>erro.</strong></span> <span class='ocrx_word' id='word_1_28' title='bbox 1353 1355 1354 1358; x_wconf 74' lang='grc'>,</span> <span class='ocrx_word' id='word_1_29' title='bbox 1391 1279 1628 1391; x_wconf 65' lang='lat' dir='ltr'><strong>erolus.</strong></span> <span class='ocrx_word' id='word_1_30' title='bbox 1665 1277 1893 1365; x_wconf 75' lang='lat' dir='ltr'><em>EORVM.</em></span> <span class='ocrx_word' id='word_1_31' title='bbox 1923 1267 1946 1396; x_wconf 72' lang='lat' dir='ltr'><em>m</em></span> <span class='ocrx_word' id='word_1_32' title='bbox 1974 1276 2198 1362; x_wconf 72' lang='lat' dir='ltr'><strong>nouem</strong></span> <span class='ocrx_word' id='word_1_33' title='bbox 2229 1279 2324 1360; x_wconf 79' lang='lat' dir='ltr'><strong>nn.</strong></span> 
     </span>
     <span class='ocr_line' id='line_1_5' title="bbox 622 1399 2324 1554; baseline -0.002 -34"><span class='ocrx_word' id='word_1_34' title='bbox 622 1399 625 1407; x_wconf 82' lang='grc'><strong>’</strong></span> <span class='ocrx_word' id='word_1_35' title='bbox 681 1435 969 1554; x_wconf 70' lang='lat' dir='ltr'><strong>enorum.</strong></span> <span class='ocrx_word' id='word_1_36' title='bbox 1038 1436 1292 1522; x_wconf 76' lang='lat' dir='ltr'><strong>AnoArA.</strong></span> <span class='ocrx_word' id='word_1_37' title='bbox 1356 1437 1563 1522; x_wconf 71' lang='lat' dir='ltr'><strong>cArrA.</strong></span> <span class='ocrx_word' id='word_1_38' title='bbox 1628 1434 1877 1521; x_wconf 71' lang='lat' dir='ltr'><strong>eorem.</strong></span> <span class='ocrx_word' id='word_1_39' title='bbox 1949 1433 2324 1519; x_wconf 67' lang='lat' dir='ltr'><strong>concremer.</strong></span> 
     </span>
     <span class='ocr_line' id='line_1_6' title="bbox 682 1565 2324 1724; baseline 0.005 -52"><span class='ocrx_word' id='word_1_40' title='bbox 682 1565 927 1681; x_wconf 64' lang='lat' dir='ltr'><strong>Aroma</strong></span> <span class='ocrx_word' id='word_1_41' title='bbox 935 1593 1022 1675; x_wconf 80' lang='lat' dir='ltr'><strong>re.</strong></span> <span class='ocrx_word' id='word_1_42' title='bbox 1053 1596 1364 1680; x_wconf 78' lang='lat' dir='ltr'><strong>nnnArVM.</strong></span> <span class='ocrx_word' id='word_1_43' title='bbox 1393 1597 1540 1680; x_wconf 81' lang='lat' dir='ltr'><strong>smn</strong></span> <span class='ocrx_word' id='word_1_44' title='bbox 1561 1595 1666 1716; x_wconf 76' lang='lat' dir='ltr'><strong>sm.</strong></span> <span class='ocrx_word' id='word_1_45' title='bbox 1703 1595 1843 1678; x_wconf 78' lang='lat' dir='ltr'><strong>nmr.</strong></span> <span class='ocrx_word' id='word_1_46' title='bbox 1875 1583 1953 1724; x_wconf 66' lang='grc' dir='ltr'><em>Η</em></span> <span class='ocrx_word' id='word_1_47' title='bbox 1985 1593 2105 1678; x_wconf 79' lang='lat' dir='ltr'><strong>uns</strong></span> <span class='ocrx_word' id='word_1_48' title='bbox 2119 1593 2324 1680; x_wconf 81' lang='lat' dir='ltr'><strong>snurn</strong></span> 
     </span>
    </p>
   </div>
   <div class='ocr_carea' id='block_1_2' title="bbox 539 1793 1415 2028">
    <p class='ocr_par' dir='ltr' id='par_1_2' title="bbox 539 1793 1415 2028">
     <span class='ocr_line' id='line_1_7' title="bbox 570 1793 1415 1901; baseline 0.006 -23"><span class='ocrx_word' id='word_1_49' title='bbox 570 1871 574 1884; x_wconf 84' lang='lat'>.</span> <span class='ocrx_word' id='word_1_50' title='bbox 622 1815 657 1900; x_wconf 83' lang='lat' dir='ltr'><strong>tl)</strong></span> <span class='ocrx_word' id='word_1_51' title='bbox 680 1807 775 1888; x_wconf 80' lang='lat' dir='ltr'><em>[VD.</em></span> <span class='ocrx_word' id='word_1_52' title='bbox 798 1807 865 1901; x_wconf 79' lang='lat' dir='ltr'><strong>sig.</strong></span> <span class='ocrx_word' id='word_1_53' title='bbox 888 1793 973 1878; x_wconf 90' lang='lat' dir='ltr'><strong>ltem</strong></span> <span class='ocrx_word' id='word_1_54' title='bbox 994 1814 1030 1880; x_wconf 89' lang='lat' dir='ltr'><strong>in</strong></span> <span class='ocrx_word' id='word_1_55' title='bbox 1050 1809 1121 1884; x_wconf 80' lang='lat' dir='ltr'><strong>fine</strong></span> <span class='ocrx_word' id='word_1_56' title='bbox 1137 1811 1250 1884; x_wconf 79' lang='lat' dir='ltr'><strong>linere</strong></span> <span class='ocrx_word' id='word_1_57' title='bbox 1271 1811 1415 1883; x_wconf 83' lang='lat' dir='ltr'>IVDIC.</span> 
     </span>
     <span class='ocr_line' id='line_1_8' title="bbox 539 1930 925 2028; baseline -0.003 -25"><span class='ocrx_word' id='word_1_58' title='bbox 539 1970 547 1987; x_wconf 92' lang='lat'><strong>·</strong></span> <span class='ocrx_word' id='word_1_59' title='bbox 620 1937 654 2028; x_wconf 85' lang='lat' dir='ltr'><strong>l)</strong></span> <span class='ocrx_word' id='word_1_60' title='bbox 677 1930 836 2022; x_wconf 73' lang='lat' dir='ltr'><strong>Ltt‘tsQ.</strong></span> <span class='ocrx_word' id='word_1_61' title='bbox 858 1932 925 2025; x_wconf 77' lang='lat' dir='ltr'><strong>sig.</strong></span> 
     </span>
    </p>
   </div>
   <div class='ocr_carea' id='block_1_3' title="bbox 633 2199 2330 2622">
    <p class='ocr_par' dir='ltr' id='par_1_3' title="bbox 633 2199 2330 2622">
     <span class='ocr_line' id='line_1_9' title="bbox 686 2199 2330 2325; baseline -0.003 -41"><span class='ocrx_word' id='word_1_62' title='bbox 686 2212 771 2285; x_wconf 85' lang='lat' dir='ltr'><strong>eius</strong></span> <span class='ocrx_word' id='word_1_63' title='bbox 800 2199 958 2325; x_wconf 63' lang='lat' dir='ltr'><strong>petillio</strong></span> <span class='ocrx_word' id='word_1_64' title='bbox 991 2215 1246 2319; x_wconf 85' lang='lat' dir='ltr'><strong>nominisque</strong></span> <span class='ocrx_word' id='word_1_65' title='bbox 1276 2209 1422 2292; x_wconf 82' lang='lat' dir='ltr'><strong>delatio</strong></span> <span class='ocrx_word' id='word_1_66' title='bbox 1455 2227 1553 2310; x_wconf 87' lang='lat' dir='ltr'><strong>esto,</strong></span> <span class='ocrx_word' id='word_1_67' title='bbox 1578 2207 1772 2292; x_wconf 81' lang='lat' dir='ltr'><strong>Praetoris</strong></span> <span class='ocrx_word' id='word_1_68' title='bbox 1792 2215 1975 2318; x_wconf 82' lang='lat' dir='ltr'><strong>quaestio</strong></span> <span class='ocrx_word' id='word_1_69' title='bbox 2008 2223 2114 2304; x_wconf 87' lang='lat' dir='ltr'><strong>esto,</strong></span> <span class='ocrx_word' id='word_1_70' title='bbox 2138 2200 2330 2284; x_wconf 90' lang='lat' dir='ltr'><strong>iudicium</strong></span> 
     </span>
     <span class='ocr_line' id='line_1_10' title="bbox 685 2325 2326 2474; baseline -0.005 -41"><span class='ocrx_word' id='word_1_71' title='bbox 685 2351 876 2434; x_wconf 88' lang='lat' dir='ltr'><strong>iudicatio</strong></span> <span class='ocrx_word' id='word_1_72' title='bbox 908 2352 1066 2463; x_wconf 88' lang='lat' dir='ltr'><strong>litisque</strong></span> <span class='ocrx_word' id='word_1_73' title='bbox 1098 2361 1340 2454; x_wconf 69' lang='lat' dir='ltr'><strong>aestimatio,</strong></span> <span class='ocrx_word' id='word_1_74' title='bbox 1372 2362 1606 2466; x_wconf 78' lang='lat' dir='ltr'><strong>quimmque</strong></span> <span class='ocrx_word' id='word_1_75' title='bbox 1633 2325 1848 2474; x_wconf 68' lang='lat' dir='ltr'><strong>iudtclltum</strong></span> <span class='ocrx_word' id='word_1_76' title='bbox 1869 2382 1924 2434; x_wconf 77' lang='lat' dir='ltr'><strong>ex</strong></span> <span class='ocrx_word' id='word_1_77' title='bbox 1952 2351 2037 2434; x_wconf 76' lang='lat' dir='ltr'><strong>hac</strong></span> <span class='ocrx_word' id='word_1_78' title='bbox 2066 2350 2162 2462; x_wconf 76' lang='lat' dir='ltr'><strong>lege</strong></span> <span class='ocrx_word' id='word_1_79' title='bbox 2192 2345 2326 2445; x_wconf 75' lang='lat' dir='ltr'><strong>erunt,</strong></span> 
     </span>
     <span class='ocr_line' id='line_1_11' title="bbox 633 2493 2328 2622; baseline -0.008 -40"><span class='ocrx_word' id='word_1_80' title='bbox 633 2528 670 2582; x_wconf 91' lang='lat' dir='ltr'><strong>v.</strong></span> <span class='ocrx_word' id='word_1_81' title='bbox 688 2527 835 2578; x_wconf 84' lang='lat' dir='ltr'><strong>eorum</strong></span> <span class='ocrx_word' id='word_1_82' title='bbox 864 2497 947 2580; x_wconf 82' lang='lat' dir='ltr'><strong>hac</strong></span> <span class='ocrx_word' id='word_1_83' title='bbox 975 2499 1070 2610; x_wconf 74' lang='lat' dir='ltr'><strong>lege</strong></span> <span class='ocrx_word' id='word_1_84' title='bbox 1099 2520 1200 2583; x_wconf 86' lang='lat' dir='ltr'><strong>estc.</strong></span> <span class='ocrx_word' id='word_1_85' title='bbox 1263 2497 1338 2615; x_wconf 80' lang='lat'><strong>(¹⁶)</strong></span> <span class='ocrx_word' id='word_1_86' title='bbox 1359 2503 1486 2584; x_wconf 82' lang='lat' dir='ltr'><strong>Cuius</strong></span> <span class='ocrx_word' id='word_1_87' title='bbox 1516 2493 1845 2622; x_wconf 69' lang='lat' dir='ltr'><strong>eorumfflnomen</strong></span> <span class='ocrx_word' id='word_1_88' title='bbox 1874 2499 1930 2582; x_wconf 84' lang='lat' dir='ltr'><strong>de</strong></span> <span class='ocrx_word' id='word_1_89' title='bbox 1953 2510 2144 2610; x_wconf 75' lang='lat' dir='ltr'><strong>pecnnia</strong></span> <span class='ocrx_word' id='word_1_90' title='bbox 2164 2494 2328 2583; x_wconf 79' lang='lat' dir='ltr'><strong>ablata,</strong></span> 
     </span>
    </p>
   </div>
   <div class='ocr_carea' id='block_1_4' title="bbox 687 2635 2331 2765">
    <p class='ocr_par' dir='ltr' id='par_1_4' title="bbox 687 2635 2331 2765">
     <span class='ocr_line' id='line_1_12' title="bbox 687 2635 2331 2765; baseline 0.007 -43"><span class='ocrx_word' id='word_1_91' title='bbox 687 2666 837 2752; x_wconf 79' lang='lat' dir='ltr'><strong>copta,</strong></span> <span class='ocrx_word' id='word_1_92' title='bbox 885 2664 1057 2750; x_wconf 81' lang='lat' dir='ltr'><strong>coacta,</strong></span> <span class='ocrx_word' id='word_1_93' title='bbox 1099 2646 1357 2744; x_wconf 82' lang='lat' dir='ltr'><strong>conciliata,</strong></span> <span class='ocrx_word' id='word_1_94' title='bbox 1388 2677 1599 2730; x_wconf 82' lang='lat' dir='ltr'><strong>auorsaue</strong></span> <span class='ocrx_word' id='word_1_95' title='bbox 1629 2647 1820 2728; x_wconf 85' lang='lat' dir='ltr'><strong>delutum</strong></span> <span class='ocrx_word' id='word_1_96' title='bbox 1849 2655 1903 2730; x_wconf 81' lang='lat' dir='ltr'><strong>sit</strong></span> <span class='ocrx_word' id='word_1_97' title='bbox 1931 2651 1974 2730; x_wconf 83' lang='lat' dir='ltr'><strong>si</strong></span> <span class='ocrx_word' id='word_1_98' title='bbox 1998 2655 2038 2728; x_wconf 84' lang='lat' dir='ltr'><strong>ei</strong></span> <span class='ocrx_word' id='word_1_99' title='bbox 2069 2635 2144 2765; x_wconf 69' lang='lat' dir='ltr'><strong>l-{</strong></span> <span class='ocrx_word' id='word_1_100' title='bbox 2159 2639 2234 2756; x_wconf 79' lang='lat'>(¹⁷)</span> <span class='ocrx_word' id='word_1_101' title='bbox 2268 2664 2331 2718; x_wconf 66' lang='lat' dir='ltr'><strong>ses</strong></span> 
     </span>
    </p>
   </div>
   <div class='ocr_carea' id='block_1_5' title="bbox 470 2907 2337 4028">
    <p class='ocr_par' dir='ltr' id='par_1_5' title="bbox 470 2907 2337 4028">
     <span class='ocr_line' id='line_1_13' title="bbox 617 2907 2333 2999; baseline -0.007 -22"><span class='ocrx_word' id='word_1_102' title='bbox 617 2921 667 2989; x_wconf 81' lang='lat'><strong>16)</strong></span> <span class='ocrx_word' id='word_1_103' title='bbox 688 2914 832 2996; x_wconf 82' lang='lat' dir='ltr'><strong>Sigonius</strong></span> <span class='ocrx_word' id='word_1_104' title='bbox 850 2925 974 2994; x_wconf 75' lang='lat' dir='ltr'><strong>praeter</strong></span> <span class='ocrx_word' id='word_1_105' title='bbox 992 2907 1092 2974; x_wconf 91' lang='lat' dir='ltr'><strong>ullum</strong></span> <span class='ocrx_word' id='word_1_106' title='bbox 1117 2913 1234 2999; x_wconf 83' lang='lat' dir='ltr'><strong>bonum</strong></span> <span class='ocrx_word' id='word_1_107' title='bbox 1253 2933 1375 2979; x_wconf 77' lang='lat' dir='ltr'><strong>sensnm</strong></span> <span class='ocrx_word' id='word_1_108' title='bbox 1400 2913 1476 2980; x_wconf 82' lang='lat' dir='ltr'><strong>lraec</strong></span> <span class='ocrx_word' id='word_1_109' title='bbox 1496 2921 1601 2980; x_wconf 78' lang='lat' dir='ltr'><strong>omnis</strong></span> <span class='ocrx_word' id='word_1_110' title='bbox 1626 2918 1758 2978; x_wconf 88' lang='lat' dir='ltr'><strong>restituit</strong></span> <span class='ocrx_word' id='word_1_111' title='bbox 1784 2919 1818 2975; x_wconf 85' lang='lat' dir='ltr'><strong>in</strong></span> <span class='ocrx_word' id='word_1_112' title='bbox 1848 2914 1930 2976; x_wconf 79' lang='lat' dir='ltr'><strong>hsmc</strong></span> <span class='ocrx_word' id='word_1_113' title='bbox 1955 2915 2102 2976; x_wconf 81' lang='lat' dir='ltr'><strong>modum:</strong></span> <span class='ocrx_word' id='word_1_114' title='bbox 2144 2913 2268 2998; x_wconf 82' lang='lat' dir='ltr'><strong>Quoius</strong></span> <span class='ocrx_word' id='word_1_115' title='bbox 2291 2925 2333 2966; x_wconf 81' lang='lat' dir='ltr'><strong>ea</strong></span> 
     </span>
     <span class='ocr_line' id='line_1_14' title="bbox 537 3011 2333 3100; baseline -0.001 -28"><span class='ocrx_word' id='word_1_116' title='bbox 537 3033 590 3074; x_wconf 80' lang='lat' dir='ltr'><strong>ret</strong></span> <span class='ocrx_word' id='word_1_117' title='bbox 609 3011 803 3098; x_wconf 62' lang='lat' dir='ltr'><strong>abiudiqcatr</strong></span> <span class='ocrx_word' id='word_1_118' title='bbox 819 3051 854 3066; x_wconf 88' lang='lat'><em>-</em></span> <span class='ocrx_word' id='word_1_119' title='bbox 870 3013 966 3100; x_wconf 53' lang='lat' dir='ltr'><strong>aqud</strong></span> <span class='ocrx_word' id='word_1_120' title='bbox 984 3017 1176 3076; x_wconf 76' lang='lat' dir='ltr'><strong>Praetorem</strong></span> <span class='ocrx_word' id='word_1_121' title='bbox 1194 3017 1353 3080; x_wconf 80' lang='lat' dir='ltr'><strong>detulerit</strong></span> <span class='ocrx_word' id='word_1_122' title='bbox 1372 3020 1441 3078; x_wconf 76' lang='lat' dir='ltr'><strong>eim</strong></span> <span class='ocrx_word' id='word_1_123' title='bbox 1460 3039 1576 3078; x_wconf 79' lang='lat' dir='ltr'><strong>nomen</strong></span> <span class='ocrx_word' id='word_1_124' title='bbox 1594 3019 1651 3082; x_wconf 86' lang='lat' dir='ltr'><strong>Pr.</strong></span> <span class='ocrx_word' id='word_1_125' title='bbox 1670 3019 1810 3095; x_wconf 75' lang='lat' dir='ltr'><strong>recipito</strong></span> <span class='ocrx_word' id='word_1_126' title='bbox 1830 3013 1982 3098; x_wconf 80' lang='lat' dir='ltr'><strong>qrtodque</strong></span> <span class='ocrx_word' id='word_1_127' title='bbox 2001 3063 2058 3086; x_wconf 84' lang='grc'><strong>..,</strong></span> <span class='ocrx_word' id='word_1_128' title='bbox 2079 3015 2124 3076; x_wconf 81' lang='lat' dir='ltr'><strong>ds</strong></span> <span class='ocrx_word' id='word_1_129' title='bbox 2143 3033 2185 3076; x_wconf 80' lang='lat' dir='ltr'><strong>ea</strong></span> <span class='ocrx_word' id='word_1_130' title='bbox 2204 3033 2242 3071; x_wconf 80' lang='lat' dir='ltr'><strong>re</strong></span> <span class='ocrx_word' id='word_1_131' title='bbox 2256 3024 2333 3074; x_wconf 86' lang='lat' dir='ltr'><strong>caet.</strong></span> 
     </span>
     <span class='ocr_line' id='line_1_15' title="bbox 537 3113 2332 3202; baseline 0.001 -27"><span class='ocrx_word' id='word_1_132' title='bbox 537 3127 692 3196; x_wconf 79' lang='lat' dir='ltr'><strong>utsupra.</strong></span> <span class='ocrx_word' id='word_1_133' title='bbox 712 3113 758 3175; x_wconf 88' lang='lat' dir='ltr'><strong>Ex</strong></span> <span class='ocrx_word' id='word_1_134' title='bbox 777 3119 831 3189; x_wconf 83' lang='lat' dir='ltr'><strong>iis,</strong></span> <span class='ocrx_word' id='word_1_135' title='bbox 851 3137 930 3202; x_wconf 88' lang='lat' dir='ltr'><strong>quae</strong></span> <span class='ocrx_word' id='word_1_136' title='bbox 951 3131 1077 3180; x_wconf 77' lang='lat' dir='ltr'><strong>aetutem</strong></span> <span class='ocrx_word' id='word_1_137' title='bbox 1096 3118 1402 3194; x_wconf 88' lang='lat' dir='ltr'><strong>tulerunt,uidemus</strong></span> <span class='ocrx_word' id='word_1_138' title='bbox 1422 3120 1462 3182; x_wconf 89' lang='lat' dir='ltr'><strong>de</strong></span> <span class='ocrx_word' id='word_1_139' title='bbox 1475 3119 1592 3202; x_wconf 90' lang='lat' dir='ltr'><strong>triplici</strong></span> <span class='ocrx_word' id='word_1_140' title='bbox 1612 3121 1748 3180; x_wconf 89' lang='lat' dir='ltr'><strong>nominis</strong></span> <span class='ocrx_word' id='word_1_141' title='bbox 1766 3116 1922 3180; x_wconf 84' lang='lat' dir='ltr'><strong>delatione</strong></span> <span class='ocrx_word' id='word_1_142' title='bbox 1942 3118 2001 3180; x_wconf 83' lang='lat' dir='ltr'><strong>hoc</strong></span> <span class='ocrx_word' id='word_1_143' title='bbox 2022 3117 2095 3180; x_wconf 90' lang='lat' dir='ltr'><strong>loco</strong></span> <span class='ocrx_word' id='word_1_144' title='bbox 2117 3131 2234 3180; x_wconf 86' lang='lat' dir='ltr'><strong>ectum:</strong></span> <span class='ocrx_word' id='word_1_145' title='bbox 2262 3120 2332 3196; x_wconf 82' lang='lat' dir='ltr'><strong>pri-</strong></span> 
     </span>
     <span class='ocr_line' id='line_1_16' title="bbox 536 3217 2335 3306; baseline -0.001 -28"><span class='ocrx_word' id='word_1_146' title='bbox 536 3237 637 3289; x_wconf 82' lang='lat' dir='ltr'><strong>mum,</strong></span> <span class='ocrx_word' id='word_1_147' title='bbox 669 3231 703 3277; x_wconf 87' lang='lat' dir='ltr'><strong>ut</strong></span> <span class='ocrx_word' id='word_1_148' title='bbox 722 3217 867 3292; x_wconf 88' lang='lat' dir='ltr'><strong>uidetur,</strong></span> <span class='ocrx_word' id='word_1_149' title='bbox 887 3219 942 3279; x_wconf 94' lang='lat' dir='ltr'><strong>ubi</strong></span> <span class='ocrx_word' id='word_1_150' title='bbox 961 3241 1010 3281; x_wconf 88' lang='lat' dir='ltr'><strong>res</strong></span> <span class='ocrx_word' id='word_1_151' title='bbox 1028 3225 1159 3302; x_wconf 80' lang='lat' dir='ltr'><strong>repetite</strong></span> <span class='ocrx_word' id='word_1_152' title='bbox 1177 3243 1233 3284; x_wconf 90' lang='lat' dir='ltr'><strong>reo</strong></span> <span class='ocrx_word' id='word_1_153' title='bbox 1254 3225 1316 3282; x_wconf 87' lang='lat' dir='ltr'><strong>iarn</strong></span> <span class='ocrx_word' id='word_1_154' title='bbox 1335 3225 1374 3282; x_wconf 86' lang='lat' dir='ltr'><strong>sit</strong></span> <span class='ocrx_word' id='word_1_155' title='bbox 1393 3221 1585 3291; x_wconf 76' lang='lat' dir='ltr'><strong>adiudicatnt</strong></span> <span class='ocrx_word' id='word_1_156' title='bbox 1619 3221 1739 3306; x_wconf 82' lang='lat' dir='ltr'><strong>Sigonii</strong></span> <span class='ocrx_word' id='word_1_157' title='bbox 1759 3224 1843 3282; x_wconf 80' lang='lat' dir='ltr'><strong>enim</strong></span> <span class='ocrx_word' id='word_1_158' title='bbox 1866 3220 2131 3282; x_wconf 80' lang='lat' dir='ltr'><strong>abiudicationem</strong></span> <span class='ocrx_word' id='word_1_159' title='bbox 2161 3239 2232 3282; x_wconf 86' lang='lat' dir='ltr'><strong>cum</strong></span> <span class='ocrx_word' id='word_1_160' title='bbox 2260 3218 2335 3280; x_wconf 87' lang='lat' dir='ltr'><strong>reli-</strong></span> 
     </span>
     <span class='ocr_line' id='line_1_17' title="bbox 523 3315 2335 3406; baseline -0.002 -24"><span class='ocrx_word' id='word_1_161' title='bbox 523 3325 604 3406; x_wconf 85' lang='lat' dir='ltr'><strong>·quis</strong></span> <span class='ocrx_word' id='word_1_162' title='bbox 624 3323 812 3406; x_wconf 82' lang='lat' dir='ltr'><strong>coniungere</strong></span> <span class='ocrx_word' id='word_1_163' title='bbox 831 3315 894 3384; x_wconf 81' lang='lat' dir='ltr'><strong>nod</strong></span> <span class='ocrx_word' id='word_1_164' title='bbox 913 3343 1052 3404; x_wconf 76' lang='lat' dir='ltr'><strong>possum:</strong></span> <span class='ocrx_word' id='word_1_165' title='bbox 1071 3321 1195 3396; x_wconf 70' lang='lat' dir='ltr'><strong>deinde</strong></span> <span class='ocrx_word' id='word_1_166' title='bbox 1214 3323 1270 3384; x_wconf 84' lang='lat' dir='ltr'><strong>ubi</strong></span> <span class='ocrx_word' id='word_1_167' title='bbox 1290 3337 1358 3404; x_wconf 77' lang='lat' dir='ltr'><strong>unte</strong></span> <span class='ocrx_word' id='word_1_168' title='bbox 1376 3325 1648 3405; x_wconf 76' lang='lat' dir='ltr'><strong>pneusrtcetiocis</strong></span> <span class='ocrx_word' id='word_1_169' title='bbox 1669 3341 1760 3384; x_wconf 82' lang='lat' dir='ltr'><strong>ceusu</strong></span> <span class='ocrx_word' id='word_1_170' title='bbox 1772 3341 1885 3384; x_wconf 87' lang='lat' dir='ltr'><strong>nomeu</strong></span> <span class='ocrx_word' id='word_1_171' title='bbox 1905 3321 2044 3386; x_wconf 81' lang='lat' dir='ltr'><strong>delutum</strong></span> <span class='ocrx_word' id='word_1_172' title='bbox 2062 3323 2172 3390; x_wconf 62' lang='lat' dir='ltr'><strong>fuerin</strong></span> <span class='ocrx_word' id='word_1_173' title='bbox 2191 3321 2335 3404; x_wconf 78' lang='lat' dir='ltr'><strong>denique</strong></span> 
     </span>
     <span class='ocr_line' id='line_1_18' title="bbox 513 3421 2330 3510; baseline 0.001 -27"><span class='ocrx_word' id='word_1_174' title='bbox 513 3435 514 3438; x_wconf 75' lang='grc'>’</span> <span class='ocrx_word' id='word_1_175' title='bbox 536 3424 592 3485; x_wconf 89' lang='lat' dir='ltr'><strong>ubi</strong></span> <span class='ocrx_word' id='word_1_176' title='bbox 604 3435 761 3484; x_wconf 77' lang='lat' dir='ltr'><strong>accusator</strong></span> <span class='ocrx_word' id='word_1_177' title='bbox 772 3423 859 3487; x_wconf 89' lang='lat' dir='ltr'><strong>litem</strong></span> <span class='ocrx_word' id='word_1_178' title='bbox 869 3425 1053 3494; x_wconf 60' lang='lat' dir='ltr'><strong>deseruerim</strong></span> <span class='ocrx_word' id='word_1_179' title='bbox 1064 3439 1137 3486; x_wconf 88' lang='lat' dir='ltr'><strong>tunc</strong></span> <span class='ocrx_word' id='word_1_180' title='bbox 1153 3429 1237 3488; x_wconf 87' lang='lat' dir='ltr'><strong>enirn</strong></span> <span class='ocrx_word' id='word_1_181' title='bbox 1247 3424 1700 3503; x_wconf 66' lang='lat' dir='ltr'><strong>erimebaturnomenalicuius</strong></span> <span class='ocrx_word' id='word_1_182' title='bbox 1713 3423 1753 3484; x_wconf 88' lang='lat' dir='ltr'><strong>de</strong></span> <span class='ocrx_word' id='word_1_183' title='bbox 1771 3427 1843 3500; x_wconf 88' lang='lat' dir='ltr'><strong>reis,</strong></span> <span class='ocrx_word' id='word_1_184' title='bbox 1859 3435 1895 3484; x_wconf 91' lang='lat' dir='ltr'><strong>ut</strong></span> <span class='ocrx_word' id='word_1_185' title='bbox 1914 3425 2007 3488; x_wconf 91' lang='lat' dir='ltr'><strong>docet</strong></span> <span class='ocrx_word' id='word_1_186' title='bbox 2017 3425 2129 3492; x_wconf 77' lang='lat' dir='ltr'><strong>Ascon.</strong></span> <span class='ocrx_word' id='word_1_187' title='bbox 2145 3427 2178 3484; x_wconf 90' lang='lat' dir='ltr'><strong>in</strong></span> <span class='ocrx_word' id='word_1_188' title='bbox 2190 3426 2264 3510; x_wconf 80' lang='lat' dir='ltr'><strong>Arg.</strong></span> <span class='ocrx_word' id='word_1_189' title='bbox 2276 3421 2330 3485; x_wconf 82' lang='lat' dir='ltr'><strong>et-</strong></span> 
     </span>
     <span class='ocr_line' id='line_1_19' title="bbox 536 3523 2334 3612; baseline 0.001 -26"><span class='ocrx_word' id='word_1_190' title='bbox 536 3545 600 3590; x_wconf 89' lang='lat' dir='ltr'><strong>cer.</strong></span> <span class='ocrx_word' id='word_1_191' title='bbox 613 3523 736 3589; x_wconf 88' lang='lat' dir='ltr'><strong>Cornel.</strong></span> <span class='ocrx_word' id='word_1_192' title='bbox 755 3523 779 3589; x_wconf 92' lang='lat'><strong>1.</strong></span> <span class='ocrx_word' id='word_1_193' title='bbox 800 3525 845 3587; x_wconf 83' lang='lat' dir='ltr'><strong>Ex</strong></span> <span class='ocrx_word' id='word_1_194' title='bbox 861 3525 908 3588; x_wconf 80' lang='lat' dir='ltr'><strong>lis</strong></span> <span class='ocrx_word' id='word_1_195' title='bbox 919 3527 1015 3588; x_wconf 86' lang='lat' dir='ltr'><strong>tribus</strong></span> <span class='ocrx_word' id='word_1_196' title='bbox 1035 3527 1113 3589; x_wconf 86' lang='lat' dir='ltr'><strong>locis</strong></span> <span class='ocrx_word' id='word_1_197' title='bbox 1124 3529 1385 3602; x_wconf 85' lang='lat' dir='ltr'><strong>scimusultemrn,</strong></span> <span class='ocrx_word' id='word_1_198' title='bbox 1396 3527 1434 3592; x_wconf 91' lang='lat' dir='ltr'><strong>de</strong></span> <span class='ocrx_word' id='word_1_199' title='bbox 1445 3532 1717 3612; x_wconf 73' lang='lat' dir='ltr'><strong>praeuaricatione,</strong></span> <span class='ocrx_word' id='word_1_200' title='bbox 1736 3525 1830 3588; x_wconf 82' lang='lat' dir='ltr'><strong>luisse</strong></span> <span class='ocrx_word' id='word_1_201' title='bbox 1841 3531 1884 3588; x_wconf 85' lang='lat' dir='ltr'><strong>itu</strong></span> <span class='ocrx_word' id='word_1_202' title='bbox 1903 3527 1936 3586; x_wconf 89' lang='lat' dir='ltr'><strong>in</strong></span> <span class='ocrx_word' id='word_1_203' title='bbox 1955 3525 2025 3612; x_wconf 81' lang='lat' dir='ltr'><strong>lege</strong></span> <span class='ocrx_word' id='word_1_204' title='bbox 2035 3525 2115 3588; x_wconf 80' lang='lat' dir='ltr'><strong>lulis</strong></span> <span class='ocrx_word' id='word_1_205' title='bbox 2127 3525 2334 3608; x_wconf 89' lang='lat' dir='ltr'><strong>publicorum,</strong></span> 
     </span>
     <span class='ocr_line' id='line_1_20' title="bbox 536 3629 2335 3715; baseline 0.002 -29"><span class='ocrx_word' id='word_1_206' title='bbox 536 3639 571 3686; x_wconf 90' lang='lat' dir='ltr'><strong>ut</strong></span> <span class='ocrx_word' id='word_1_207' title='bbox 590 3647 764 3704; x_wconf 83' lang='lat' dir='ltr'><strong>caueretur,</strong></span> <span class='ocrx_word' id='word_1_208' title='bbox 783 3649 824 3691; x_wconf 93' lang='lat' dir='ltr'><strong>ne</strong></span> <span class='ocrx_word' id='word_1_209' title='bbox 842 3635 927 3712; x_wconf 90' lang='lat' dir='ltr'><strong>prius</strong></span> <span class='ocrx_word' id='word_1_210' title='bbox 948 3645 1157 3707; x_wconf 72' lang='lat' dir='ltr'><strong>accusaretur,</strong></span> <span class='ocrx_word' id='word_1_211' title='bbox 1175 3651 1289 3715; x_wconf 82' lang='lat' dir='ltr'><strong>„quam</strong></span> <span class='ocrx_word' id='word_1_212' title='bbox 1309 3629 1350 3694; x_wconf 87' lang='lat' dir='ltr'><strong>de</strong></span> <span class='ocrx_word' id='word_1_213' title='bbox 1367 3635 1480 3714; x_wconf 86' lang='lat' dir='ltr'><strong>prioris</strong></span> <span class='ocrx_word' id='word_1_214' title='bbox 1500 3633 1684 3694; x_wconf 78' lang='lat' dir='ltr'><strong>accusatoris</strong></span> <span class='ocrx_word' id='word_1_215' title='bbox 1713 3633 1981 3710; x_wconf 80' lang='lat' dir='ltr'><strong>praeuaricatione</strong></span> <span class='ocrx_word' id='word_1_216' title='bbox 2006 3632 2243 3702; x_wconf 76' lang='lat' dir='ltr'><strong>constiteritet</strong></span> <span class='ocrx_word' id='word_1_217' title='bbox 2257 3649 2335 3711; x_wconf 81' lang='lat' dir='ltr'><strong>pro·</strong></span> 
     </span>
     <span class='ocr_line' id='line_1_21' title="bbox 536 3729 2337 3820; baseline 0.002 -32"><span class='ocrx_word' id='word_1_218' title='bbox 536 3731 721 3790; x_wconf 76' lang='lat' dir='ltr'><strong>nuntiatum</strong></span> <span class='ocrx_word' id='word_1_219' title='bbox 731 3733 879 3813; x_wconf 61' lang='lat' dir='ltr'><strong>fixerit«</strong></span> <span class='ocrx_word' id='word_1_220' title='bbox 907 3733 1016 3795; x_wconf 77' lang='lat' dir='ltr'><strong>Macer</strong></span> <span class='ocrx_word' id='word_1_221' title='bbox 1034 3737 1067 3795; x_wconf 88' lang='lat' dir='ltr'><strong>in</strong></span> <span class='ocrx_word' id='word_1_222' title='bbox 1086 3733 1124 3798; x_wconf 89' lang='lat' dir='ltr'><strong>L.</strong></span> <span class='ocrx_word' id='word_1_223' title='bbox 1144 3745 1173 3802; x_wconf 84' lang='grc'><strong>3.</strong></span> <span class='ocrx_word' id='word_1_224' title='bbox 1197 3738 1223 3812; x_wconf 87' lang='lat'><strong>§.</strong></span> <span class='ocrx_word' id='word_1_225' title='bbox 1243 3745 1269 3802; x_wconf 85' lang='lat'><strong>1.</strong></span> <span class='ocrx_word' id='word_1_226' title='bbox 1289 3735 1328 3800; x_wconf 91' lang='lat' dir='ltr'><strong>D.</strong></span> <span class='ocrx_word' id='word_1_227' title='bbox 1354 3733 1395 3797; x_wconf 87' lang='lat' dir='ltr'><strong>de</strong></span> <span class='ocrx_word' id='word_1_228' title='bbox 1420 3738 1592 3820; x_wconf 74' lang='lat' dir='ltr'><strong>praeuaric.</strong></span> <span class='ocrx_word' id='word_1_229' title='bbox 1614 3729 1756 3816; x_wconf 81' lang='lat' dir='ltr'>(XLVII,</span> <span class='ocrx_word' id='word_1_230' title='bbox 1777 3739 1846 3812; x_wconf 72' lang='lat' dir='ltr'><strong>ts).</strong></span> <span class='ocrx_word' id='word_1_231' title='bbox 1885 3731 1912 3792; x_wconf 87' lang='lat' dir='ltr'><strong>E</strong></span> <span class='ocrx_word' id='word_1_232' title='bbox 1939 3735 2095 3794; x_wconf 77' lang='lat' dir='ltr'><strong>contrario</strong></span> <span class='ocrx_word' id='word_1_233' title='bbox 2114 3735 2147 3792; x_wconf 89' lang='lat' dir='ltr'><strong>in</strong></span> <span class='ocrx_word' id='word_1_234' title='bbox 2166 3735 2273 3803; x_wconf 87' lang='lat' dir='ltr'><strong>tertio,</strong></span> <span class='ocrx_word' id='word_1_235' title='bbox 2294 3731 2337 3792; x_wconf 88' lang='lat' dir='ltr'><strong>de</strong></span> 
     </span>
     <span class='ocr_line' id='line_1_22' title="bbox 536 3833 2336 3919; baseline -0.001 -25"><span class='ocrx_word' id='word_1_236' title='bbox 536 3845 655 3894; x_wconf 68' lang='lat' dir='ltr'><strong>exemto</strong></span> <span class='ocrx_word' id='word_1_237' title='bbox 676 3835 722 3892; x_wconf 88' lang='lat' dir='ltr'><strong>rei</strong></span> <span class='ocrx_word' id='word_1_238' title='bbox 741 3840 876 3910; x_wconf 87' lang='lat' dir='ltr'><strong>nomine,</strong></span> <span class='ocrx_word' id='word_1_239' title='bbox 895 3835 976 3903; x_wconf 83' lang='lat' dir='ltr'><strong>loco.</strong></span> <span class='ocrx_word' id='word_1_240' title='bbox 996 3857 1089 3919; x_wconf 88' lang='lat' dir='ltr'><strong>quem</strong></span> <span class='ocrx_word' id='word_1_241' title='bbox 1107 3858 1178 3899; x_wconf 89' lang='lat' dir='ltr'><strong>cum</strong></span> <span class='ocrx_word' id='word_1_242' title='bbox 1199 3837 1256 3900; x_wconf 90' lang='lat' dir='ltr'><strong>illo</strong></span> <span class='ocrx_word' id='word_1_243' title='bbox 1276 3835 1328 3899; x_wconf 85' lang='lat' dir='ltr'><strong>hic</strong></span> <span class='ocrx_word' id='word_1_244' title='bbox 1346 3842 1545 3900; x_wconf 87' lang='lat' dir='ltr'><strong>coniunctum</strong></span> <span class='ocrx_word' id='word_1_245' title='bbox 1564 3835 1717 3908; x_wconf 83' lang='lat' dir='ltr'><strong>uidemus,</strong></span> <span class='ocrx_word' id='word_1_246' title='bbox 1737 3853 1851 3894; x_wconf 83' lang='lat' dir='ltr'><strong>nouam</strong></span> <span class='ocrx_word' id='word_1_247' title='bbox 1872 3839 2006 3897; x_wconf 86' lang='lat' dir='ltr'><strong>nominis</strong></span> <span class='ocrx_word' id='word_1_248' title='bbox 2027 3833 2214 3896; x_wconf 75' lang='lat' dir='ltr'><strong>delationem</strong></span> <span class='ocrx_word' id='word_1_249' title='bbox 2232 3836 2336 3893; x_wconf 78' lang='lat' dir='ltr'><strong>ueteri</strong></span> 
     </span>
     <span class='ocr_line' id='line_1_23' title="bbox 470 3921 2334 4028; baseline -0.001 -34"><span class='ocrx_word' id='word_1_250' title='bbox 470 3985 474 3994; x_wconf 88' lang='lat'><em>.</em></span> <span class='ocrx_word' id='word_1_251' title='bbox 523 3935 700 4016; x_wconf 60' lang='lat' dir='ltr'><strong>suspicans,</strong></span> <span class='ocrx_word' id='word_1_252' title='bbox 719 3941 778 3999; x_wconf 85' lang='lat' dir='ltr'><strong>nisi</strong></span> <span class='ocrx_word' id='word_1_253' title='bbox 799 3938 838 4000; x_wconf 89' lang='lat' dir='ltr'><strong>de</strong></span> <span class='ocrx_word' id='word_1_254' title='bbox 857 3921 1010 4001; x_wconf 83' lang='lat' dir='ltr'><strong>calumnia</strong></span> <span class='ocrx_word' id='word_1_255' title='bbox 1029 3945 1095 4004; x_wconf 83' lang='lat' dir='ltr'><strong>eius</strong></span> <span class='ocrx_word' id='word_1_256' title='bbox 1118 3945 1174 4028; x_wconf 90' lang='lat' dir='ltr'><strong>qui</strong></span> <span class='ocrx_word' id='word_1_257' title='bbox 1191 3941 1285 4004; x_wconf 70' lang='lat' dir='ltr'><strong>,litem</strong></span> <span class='ocrx_word' id='word_1_258' title='bbox 1312 3943 1481 4004; x_wconf 85' lang='lat' dir='ltr'><strong>deseruerit</strong></span> <span class='ocrx_word' id='word_1_259' title='bbox 1499 3959 1603 4025; x_wconf 85' lang='lat' dir='ltr'><strong>neque</strong></span> <span class='ocrx_word' id='word_1_260' title='bbox 1619 3939 1789 4000; x_wconf 84' lang='lat' dir='ltr'><strong>constiterit</strong></span> <span class='ocrx_word' id='word_1_261' title='bbox 1807 3955 1908 4021; x_wconf 83' lang='lat' dir='ltr'><strong>neque</strong></span> <span class='ocrx_word' id='word_1_262' title='bbox 1929 3937 2157 4022; x_wconf 80' lang='lat' dir='ltr'><strong>pronuntiatum</strong></span> <span class='ocrx_word' id='word_1_263' title='bbox 2176 3935 2279 4007; x_wconf 88' lang='lat' dir='ltr'><strong>luerit,</strong></span> <span class='ocrx_word' id='word_1_264' title='bbox 2301 3937 2334 3994; x_wconf 87' lang='lat' dir='ltr'><strong>in</strong></span> 
     </span>
    </p>
   </div>
   <div class='ocr_carea' id='block_1_6' title="bbox 430 4037 2464 4338">
    <p class='ocr_par' dir='ltr' id='par_1_6' title="bbox 430 4037 2464 4338">
     <span class='ocr_line' id='line_1_24' title="bbox 537 4037 2464 4130; baseline 0.001 -33"><span class='ocrx_word' id='word_1_265' title='bbox 537 4037 618 4098; x_wconf 88' lang='lat' dir='ltr'><strong>hunc</strong></span> <span class='ocrx_word' id='word_1_266' title='bbox 636 4057 756 4102; x_wconf 87' lang='lat' dir='ltr'><strong>sensum</strong></span> <span class='ocrx_word' id='word_1_267' title='bbox 774 4054 940 4128; x_wconf 86' lang='lat' dir='ltr'><strong>utrumque</strong></span> <span class='ocrx_word' id='word_1_268' title='bbox 958 4043 1063 4107; x_wconf 80' lang='lat' dir='ltr'><strong>loc&#39;um</strong></span> <span class='ocrx_word' id='word_1_269' title='bbox 1080 4049 1238 4108; x_wconf 86' lang='lat' dir='ltr'><strong>restituere</strong></span> <span class='ocrx_word' id='word_1_270' title='bbox 1257 4059 1383 4106; x_wconf 85' lang='lat' dir='ltr'><strong>conatus</strong></span> <span class='ocrx_word' id='word_1_271' title='bbox 1403 4065 1493 4130; x_wconf 61' lang='lat' dir='ltr'><strong>sum„</strong></span> <span class='ocrx_word' id='word_1_272' title='bbox 1518 4043 1636 4104; x_wconf 81' lang='lat' dir='ltr'><strong>Eadem</strong></span> <span class='ocrx_word' id='word_1_273' title='bbox 1655 4039 1764 4100; x_wconf 83' lang='lat' dir='ltr'><strong>saltem</strong></span> <span class='ocrx_word' id='word_1_274' title='bbox 1784 4041 1881 4114; x_wconf 86' lang='lat' dir='ltr'><strong>ratio,</strong></span> <span class='ocrx_word' id='word_1_275' title='bbox 1910 4063 1990 4124; x_wconf 81' lang='lat' dir='ltr'><strong>quse</strong></span> <span class='ocrx_word' id='word_1_276' title='bbox 2009 4040 2049 4100; x_wconf 92' lang='lat' dir='ltr'><strong>de</strong></span> <span class='ocrx_word' id='word_1_277' title='bbox 2067 4039 2335 4118; x_wconf 84' lang='lat' dir='ltr'><strong>praeuaricatione</strong></span> <span class='ocrx_word' id='word_1_278' title='bbox 2463 4099 2464 4130; x_wconf 25' lang='grc' dir='ltr'>ἒ</span> 
     </span>
     <span class='ocr_line' id='line_1_25' title="bbox 537 4137 2464 4233; baseline -0.001 -33"><span class='ocrx_word' id='word_1_279' title='bbox 537 4137 619 4201; x_wconf 90' lang='lat' dir='ltr'><strong>illud</strong></span> <span class='ocrx_word' id='word_1_280' title='bbox 639 4146 742 4204; x_wconf 84' lang='lat' dir='ltr'><strong>caueri</strong></span> <span class='ocrx_word' id='word_1_281' title='bbox 761 4143 847 4220; x_wconf 83' lang='lat' dir='ltr'><strong>fecit,</strong></span> <span class='ocrx_word' id='word_1_282' title='bbox 876 4145 1052 4210; x_wconf 86' lang='lat' dir='ltr'><strong>scilicetne</strong></span> <span class='ocrx_word' id='word_1_283' title='bbox 1072 4147 1223 4209; x_wconf 85' lang='lat' dir='ltr'><strong>inutiliter</strong></span> <span class='ocrx_word' id='word_1_284' title='bbox 1243 4151 1344 4232; x_wconf 81' lang='lat' dir='ltr'><strong>iurgia</strong></span> <span class='ocrx_word' id='word_1_285' title='bbox 1374 4159 1574 4233; x_wconf 77' lang='lat' dir='ltr'><strong>augerentur,</strong></span> <span class='ocrx_word' id='word_1_286' title='bbox 1604 4145 1697 4206; x_wconf 88' lang='lat' dir='ltr'><strong>etiam</strong></span> <span class='ocrx_word' id='word_1_287' title='bbox 1717 4141 1863 4204; x_wconf 75' lang='lat' dir='ltr'><strong>aduersus</strong></span> <span class='ocrx_word' id='word_1_288' title='bbox 1883 4161 1996 4206; x_wconf 82' lang='lat' dir='ltr'><strong>nouom</strong></span> <span class='ocrx_word' id='word_1_289' title='bbox 2015 4138 2108 4223; x_wconf 85' lang='lat' dir='ltr'><strong>plane</strong></span> <span class='ocrx_word' id='word_1_290' title='bbox 2128 4139 2266 4200; x_wconf 82' lang='lat' dir='ltr'><strong>eiusdem</strong></span> <span class='ocrx_word' id='word_1_291' title='bbox 2286 4143 2334 4200; x_wconf 89' lang='lat' dir='ltr'><strong>rei</strong></span> <span class='ocrx_word' id='word_1_292' title='bbox 2463 4149 2464 4228; x_wconf 53' lang='grc' dir='ltr'>ζ</span> 
     </span>
     <span class='ocr_line' id='line_1_26' title="bbox 430 4239 2333 4338; baseline -0.003 -31"><span class='ocrx_word' id='word_1_293' title='bbox 430 4239 432 4244; x_wconf 67' lang='grc'><strong>’</strong></span> <span class='ocrx_word' id='word_1_294' title='bbox 536 4239 769 4319; x_wconf 75' lang='lat' dir='ltr'><strong>accusationem,</strong></span> <span class='ocrx_word' id='word_1_295' title='bbox 789 4267 869 4321; x_wconf 90' lang='lat' dir='ltr'><strong>eum,</strong></span> <span class='ocrx_word' id='word_1_296' title='bbox 889 4253 945 4333; x_wconf 92' lang='lat' dir='ltr'><strong>qui</strong></span> <span class='ocrx_word' id='word_1_297' title='bbox 966 4265 1119 4312; x_wconf 82' lang='lat' dir='ltr'><strong>accusatus</strong></span> <span class='ocrx_word' id='word_1_298' title='bbox 1139 4253 1266 4338; x_wconf 87' lang='lat' dir='ltr'><strong>quidem</strong></span> <span class='ocrx_word' id='word_1_299' title='bbox 1285 4269 1349 4312; x_wconf 88' lang='lat' dir='ltr'><strong>non</strong></span> <span class='ocrx_word' id='word_1_300' title='bbox 1369 4264 1472 4310; x_wconf 81' lang='lat' dir='ltr'><strong>autem</strong></span> <span class='ocrx_word' id='word_1_301' title='bbox 1491 4247 1643 4309; x_wconf 84' lang='lat' dir='ltr'><strong>iudicatus</strong></span> <span class='ocrx_word' id='word_1_302' title='bbox 1663 4259 1756 4319; x_wconf 85' lang='lat' dir='ltr'><strong>esset,</strong></span> <span class='ocrx_word' id='word_1_303' title='bbox 1776 4249 1856 4308; x_wconf 85' lang='lat' dir='ltr'><strong>tueri</strong></span> <span class='ocrx_word' id='word_1_304' title='bbox 1876 4247 2011 4330; x_wconf 84' lang='lat' dir='ltr'><strong>potuisse</strong></span> <span class='ocrx_word' id='word_1_305' title='bbox 2029 4242 2172 4316; x_wconf 87' lang='lat' dir='ltr'><strong>uidetur,</strong></span> <span class='ocrx_word' id='word_1_306' title='bbox 2191 4245 2217 4302; x_wconf 89' lang='lat' dir='ltr'><strong>si</strong></span> <span class='ocrx_word' id='word_1_307' title='bbox 2237 4242 2333 4302; x_wconf 88' lang='lat' dir='ltr'><strong>modo</strong></span> 
     </span>
    </p>
   </div>
   <div class='ocr_carea' id='block_1_7' title="bbox 471 4345 2336 4826">
    <p class='ocr_par' dir='ltr' id='par_1_7' title="bbox 471 4345 2335 4536">
     <span class='ocr_line' id='line_1_27' title="bbox 535 4345 2335 4430; baseline -0.002 -23"><span class='ocrx_word' id='word_1_308' title='bbox 535 4351 624 4430; x_wconf 90' lang='lat' dir='ltr'><strong>prior</strong></span> <span class='ocrx_word' id='word_1_309' title='bbox 643 4363 800 4412; x_wconf 86' lang='lat' dir='ltr'><strong>accusator</strong></span> <span class='ocrx_word' id='word_1_310' title='bbox 819 4349 858 4412; x_wconf 89' lang='lat' dir='ltr'><strong>de</strong></span> <span class='ocrx_word' id='word_1_311' title='bbox 878 4353 1032 4414; x_wconf 81' lang='lat' dir='ltr'><strong>calumnia</strong></span> <span class='ocrx_word' id='word_1_312' title='bbox 1051 4356 1269 4416; x_wconf 87' lang='lat' dir='ltr'><strong>condemnatus</strong></span> <span class='ocrx_word' id='word_1_313' title='bbox 1289 4363 1373 4415; x_wconf 85' lang='lat' dir='ltr'><strong>esset.</strong></span> <span class='ocrx_word' id='word_1_314' title='bbox 1425 4349 1509 4410; x_wconf 83' lang='lat' dir='ltr'><strong>llaec</strong></span> <span class='ocrx_word' id='word_1_315' title='bbox 1534 4345 1634 4410; x_wconf 85' lang='lat' dir='ltr'><strong>habeo</strong></span> <span class='ocrx_word' id='word_1_316' title='bbox 1664 4347 1719 4411; x_wconf 89' lang='lat' dir='ltr'><strong>sed</strong></span> <span class='ocrx_word' id='word_1_317' title='bbox 1737 4347 1867 4412; x_wconf 85' lang='lat' dir='ltr'><strong>meliora</strong></span> <span class='ocrx_word' id='word_1_318' title='bbox 1885 4365 1949 4408; x_wconf 85' lang='lat' dir='ltr'><strong>non</strong></span> <span class='ocrx_word' id='word_1_319' title='bbox 1969 4345 2111 4409; x_wconf 75' lang='lat' dir='ltr'><strong>abnuam.</strong></span> <span class='ocrx_word' id='word_1_320' title='bbox 2162 4345 2211 4408; x_wconf 81' lang='lat' dir='ltr'><strong>De</strong></span> <span class='ocrx_word' id='word_1_321' title='bbox 2231 4345 2335 4427; x_wconf 87' lang='lat' dir='ltr'><strong>primo</strong></span> 
     </span>
     <span class='ocr_line' id='line_1_28' title="bbox 471 4443 2335 4536; baseline 0.001 -27"><span class='ocrx_word' id='word_1_322' title='bbox 471 4468 476 4476; x_wconf 85' lang='lat'><em>·</em></span> <span class='ocrx_word' id='word_1_323' title='bbox 536 4471 612 4513; x_wconf 86' lang='lat' dir='ltr'><strong>uero</strong></span> <span class='ocrx_word' id='word_1_324' title='bbox 632 4471 670 4513; x_wconf 88' lang='lat' dir='ltr'><strong>ex</strong></span> <span class='ocrx_word' id='word_1_325' title='bbox 689 4451 736 4520; x_wconf 82' lang='lat' dir='ltr'><strong>his</strong></span> <span class='ocrx_word' id='word_1_326' title='bbox 756 4453 852 4516; x_wconf 74' lang='lat' dir='ltr'><strong>uiuus</strong></span> <span class='ocrx_word' id='word_1_327' title='bbox 871 4453 948 4518; x_wconf 88' lang='lat' dir='ltr'><strong>locis</strong></span> <span class='ocrx_word' id='word_1_328' title='bbox 969 4455 1072 4518; x_wconf 86' lang='lat' dir='ltr'><strong>dicere</strong></span> <span class='ocrx_word' id='word_1_329' title='bbox 1092 4477 1156 4521; x_wconf 90' lang='lat' dir='ltr'><strong>nou</strong></span> <span class='ocrx_word' id='word_1_330' title='bbox 1176 4459 1273 4518; x_wconf 82' lang='lat' dir='ltr'><strong>ausim</strong></span> <span class='ocrx_word' id='word_1_331' title='bbox 1293 4455 1499 4534; x_wconf 81' lang='lat' dir='ltr'><strong>lacunamque</strong></span> <span class='ocrx_word' id='word_1_332' title='bbox 1519 4451 1591 4512; x_wconf 86' lang='lat' dir='ltr'><strong>ideo</strong></span> <span class='ocrx_word' id='word_1_333' title='bbox 1613 4453 1756 4514; x_wconf 82' lang='lat' dir='ltr'><strong>intortum</strong></span> <span class='ocrx_word' id='word_1_334' title='bbox 1775 4453 1903 4536; x_wconf 89' lang='lat' dir='ltr'><strong>reliqui,</strong></span> <span class='ocrx_word' id='word_1_335' title='bbox 1925 4443 1996 4524; x_wconf 77' lang='lat' dir='ltr'><strong>cum</strong></span> <span class='ocrx_word' id='word_1_336' title='bbox 2016 4449 2106 4522; x_wconf 88' lang='lat' dir='ltr'><strong>mihi,</strong></span> <span class='ocrx_word' id='word_1_337' title='bbox 2128 4449 2205 4530; x_wconf 90' lang='lat' dir='ltr'><strong>quid</strong></span> <span class='ocrx_word' id='word_1_338' title='bbox 2224 4445 2335 4508; x_wconf 79' lang='lat' dir='ltr'><strong>lateret</strong></span> 
     </span>
    </p>

    <p class='ocr_par' dir='ltr' id='par_1_8' title="bbox 498 4547 2336 4826">
     <span class='ocr_line' id='line_1_29' title="bbox 498 4547 2336 4640; baseline -0.002 -27"><span class='ocrx_word' id='word_1_339' title='bbox 498 4565 503 4576; x_wconf 91' lang='lat'><em>&#39;</em></span> <span class='ocrx_word' id='word_1_340' title='bbox 538 4549 618 4616; x_wconf 77' lang='lat' dir='ltr'><strong>inira</strong></span> <span class='ocrx_word' id='word_1_341' title='bbox 637 4559 670 4615; x_wconf 80' lang='lat' dir='ltr'><strong>in</strong></span> <span class='ocrx_word' id='word_1_342' title='bbox 689 4555 757 4620; x_wconf 89' lang='lat' dir='ltr'><strong>Lin.</strong></span> <span class='ocrx_word' id='word_1_343' title='bbox 776 4555 844 4624; x_wconf 82' lang='lat' dir='ltr'><strong>LV.</strong></span> <span class='ocrx_word' id='word_1_344' title='bbox 863 4577 926 4620; x_wconf 85' lang='lat' dir='ltr'><strong>non</strong></span> <span class='ocrx_word' id='word_1_345' title='bbox 947 4557 986 4620; x_wconf 83' lang='lat' dir='ltr'><strong>ab</strong></span> <span class='ocrx_word' id='word_1_346' title='bbox 1006 4563 1092 4622; x_wconf 89' lang='lat' dir='ltr'><strong>omni</strong></span> <span class='ocrx_word' id='word_1_347' title='bbox 1111 4572 1198 4640; x_wconf 88' lang='lat' dir='ltr'><strong>parte</strong></span> <span class='ocrx_word' id='word_1_348' title='bbox 1217 4556 1372 4638; x_wconf 82' lang='lat' dir='ltr'><strong>explicare</strong></span> <span class='ocrx_word' id='word_1_349' title='bbox 1392 4575 1522 4638; x_wconf 85' lang='lat' dir='ltr'><strong>possem,</strong></span> <span class='ocrx_word' id='word_1_350' title='bbox 1541 4557 1668 4639; x_wconf 84' lang='lat' dir='ltr'><strong>nisiquir</strong></span> <span class='ocrx_word' id='word_1_351' title='bbox 1689 4553 1801 4617; x_wconf 79' lang='lat' dir='ltr'><strong>dixerit</strong></span> <span class='ocrx_word' id='word_1_352' title='bbox 1820 4553 1896 4616; x_wconf 71' lang='lat' dir='ltr'><strong>trane</strong></span> <span class='ocrx_word' id='word_1_353' title='bbox 1917 4553 2177 4614; x_wconf 78' lang='lat' dir='ltr'><strong>adiudicatiouem</strong></span> <span class='ocrx_word' id='word_1_354' title='bbox 2196 4569 2264 4612; x_wconf 83' lang='lat' dir='ltr'><strong>eum</strong></span> <span class='ocrx_word' id='word_1_355' title='bbox 2288 4547 2336 4610; x_wconf 90' lang='lat' dir='ltr'><strong>le·</strong></span> 
     </span>
     <span class='ocr_line' id='line_1_30' title="bbox 538 4649 2336 4746; baseline -0.003 -30"><span class='ocrx_word' id='word_1_356' title='bbox 538 4661 583 4740; x_wconf 75' lang='lat' dir='ltr'><strong>gis</strong></span> <span class='ocrx_word' id='word_1_357' title='bbox 602 4664 786 4722; x_wconf 80' lang='lat' dir='ltr'><strong>sanctionem</strong></span> <span class='ocrx_word' id='word_1_358' title='bbox 797 4660 1028 4746; x_wconf 82' lang='lat' dir='ltr'><strong>quodammodo</strong></span> <span class='ocrx_word' id='word_1_359' title='bbox 1048 4675 1194 4742; x_wconf 80' lang='lat' dir='ltr'><strong>spectare,</strong></span> <span class='ocrx_word' id='word_1_360' title='bbox 1215 4679 1309 4744; x_wconf 86' lang='lat' dir='ltr'><strong>quam</strong></span> <span class='ocrx_word' id='word_1_361' title='bbox 1330 4663 1539 4741; x_wconf 83' lang='lat' dir='ltr'><strong>exceptionem</strong></span> <span class='ocrx_word' id='word_1_362' title='bbox 1554 4661 1601 4720; x_wconf 91' lang='lat' dir='ltr'><strong>rei</strong></span> <span class='ocrx_word' id='word_1_363' title='bbox 1622 4659 1773 4720; x_wconf 77' lang='lat' dir='ltr'><strong>iudicatae</strong></span> <span class='ocrx_word' id='word_1_364' title='bbox 1792 4653 1902 4718; x_wconf 88' lang='lat' dir='ltr'><strong>tollere</strong></span> <span class='ocrx_word' id='word_1_365' title='bbox 1915 4655 1985 4720; x_wconf 89' lang='lat' dir='ltr'><strong>Lin.</strong></span> <span class='ocrx_word' id='word_1_366' title='bbox 2004 4652 2071 4720; x_wconf 83' lang='lat' dir='ltr'><strong>LV.</strong></span> <span class='ocrx_word' id='word_1_367' title='bbox 2091 4655 2211 4716; x_wconf 81' lang='lat' dir='ltr'><strong>disertis</strong></span> <span class='ocrx_word' id='word_1_368' title='bbox 2229 4649 2336 4712; x_wconf 86' lang='lat' dir='ltr'><strong>uerbis</strong></span> 
     </span>
     <span class='ocr_line' id='line_1_31' title="bbox 539 4757 1343 4826; baseline 0.011 -7"><span class='ocrx_word' id='word_1_369' title='bbox 539 4757 682 4826; x_wconf 83' lang='lat' dir='ltr'><strong>declarat.</strong></span> <span class='ocrx_word' id='word_1_370' title='bbox 1340 4777 1343 4784; x_wconf 85' lang='lat'>&#39;</span> 
     </span>
    </p>
   </div>
   <div class='ocr_carea' id='block_1_8' title="bbox 539 4933 2338 5121">
    <p class='ocr_par' dir='ltr' id='par_1_9' title="bbox 539 4933 2338 5121">
     <span class='ocr_line' id='line_1_32' title="bbox 618 4933 2338 5024; baseline -0.009 -24"><span class='ocrx_word' id='word_1_371' title='bbox 618 4941 666 5020; x_wconf 83' lang='lat'><strong>17)</strong></span> <span class='ocrx_word' id='word_1_372' title='bbox 686 4936 755 5001; x_wconf 83' lang='lat' dir='ltr'><strong>Hoc</strong></span> <span class='ocrx_word' id='word_1_373' title='bbox 774 4941 870 5002; x_wconf 87' lang='lat' dir='ltr'><strong>modo</strong></span> <span class='ocrx_word' id='word_1_374' title='bbox 894 4935 1142 5024; x_wconf 74' lang='lat' dir='ltr'><strong>qualemcunque</strong></span> <span class='ocrx_word' id='word_1_375' title='bbox 1160 4933 1302 4998; x_wconf 73' lang='lat' dir='ltr'><strong>lacunam</strong></span> <span class='ocrx_word' id='word_1_376' title='bbox 1322 4933 1459 4999; x_wconf 85' lang='lat' dir='ltr'><strong>indicare</strong></span> <span class='ocrx_word' id='word_1_377' title='bbox 1479 4940 1572 4998; x_wconf 79' lang='lat' dir='ltr'><strong>estius</strong></span> <span class='ocrx_word' id='word_1_378' title='bbox 1592 4936 1666 4996; x_wconf 85' lang='lat' dir='ltr'><strong>duxi</strong></span> <span class='ocrx_word' id='word_1_379' title='bbox 1676 4975 1687 5007; x_wconf 86' lang='lat'><strong>,</strong></span> <span class='ocrx_word' id='word_1_380' title='bbox 1718 4953 1789 4993; x_wconf 85' lang='lat' dir='ltr'><strong>curu</strong></span> <span class='ocrx_word' id='word_1_381' title='bbox 1809 4935 1910 5012; x_wconf 83' lang='lat' dir='ltr'><strong>ipsum</strong></span> <span class='ocrx_word' id='word_1_382' title='bbox 1929 4935 2061 5012; x_wconf 79' lang='lat' dir='ltr'><strong>spurium</strong></span> <span class='ocrx_word' id='word_1_383' title='bbox 2086 4943 2219 4988; x_wconf 83' lang='lat' dir='ltr'><strong>uacuum</strong></span> <span class='ocrx_word' id='word_1_384' title='bbox 2243 4945 2263 4988; x_wconf 90' lang='lat' dir='ltr'><strong>e</strong></span> <span class='ocrx_word' id='word_1_385' title='bbox 2288 4939 2338 4985; x_wconf 84' lang='lat' dir='ltr'><strong>ta-</strong></span> 
     </span>
     <span class='ocr_line' id='line_1_33' title="bbox 539 5033 898 5121; baseline 0.022 -26"><span class='ocrx_word' id='word_1_386' title='bbox 539 5033 613 5097; x_wconf 89' lang='lat' dir='ltr'><strong>bula</strong></span> <span class='ocrx_word' id='word_1_387' title='bbox 632 5059 778 5121; x_wconf 84' lang='lat' dir='ltr'><strong>quaerere</strong></span> <span class='ocrx_word' id='word_1_388' title='bbox 798 5042 898 5106; x_wconf 80' lang='lat' dir='ltr'><strong>liceat.</strong></span> 
     </span>
    </p>
   </div>
   <div class='ocr_carea' id='block_1_9' title="bbox 0 0 2501 6084">
    <p class='ocr_par' dir='ltr' id='par_1_10' title="bbox 0 0 2501 6084">
     <span class='ocr_line' id='line_1_34' title="bbox 0 0 2501 6084; baseline 0 0"><span class='ocrx_word' id='word_1_389' title='bbox 0 0 2501 6084; x_wconf 95' lang='lat' dir='ltr'><strong> </strong></span> 
     </span>
    </p>
   </div>
  </div>
 </body>
</html>
