4934 6078
414 461 419 482 ¹
507 397 575 564 211
1101 440 1691 568 anouaeonrmtn'

509 673 699 760 ordinaria
724 681 865 758 iuditia
881 700 964 758 non
986 680 1109 771 solum
1128 683 1176 758 ad
1198 709 1361 784 poenam
1384 683 1595 784 petendam,
1614 680 1812 772 sedetiam
1833 679 1880 756 ad
1923 683 2082 756 riuatant
2097 685 2293 782 repetitio-

497 801 599 858 uem
612 778 879 872 instituendam
892 783 1096 854 constituta
1113 799 1277 856 erant-
1288 807 1364 884 quo
1382 800 1698 880 recuperatorum,
1712 800 1875 879 quorum
1889 707 2020 852 liuius
2031 779 2097 877 ⁴⁸)
2111 784 2294 874 meminit,

509 869 678 946 officium
703 891 873 976 spectare
896 875 1048 949 uidetur
1069 915 1135 968 -,
1160 881 1213 949 ita
1236 898 1368 978 postea
1393 873 1582 950 ordinaria
1606 899 1759 978 quoque
1783 892 2027 974 et-perpetua
2050 874 2195 948 iudicia
2215 901 2296 950 non

508 965 777 1068 impediebant,
803 997 880 1071 quo
905 974 1031 1044 miuus
1055 977 1196 1074 priuati
1219 979 1400 1074 pecunias
1423 971 1497 1046 sibi
1521 990 1674 1086 ereptas
1692 988 1918 1084 repeterent,
1952 969 2119 1066 sedtum
2144 971 2191 1043 ad
2215 995 2297 1046 reru

507 1065 805 1164 persequendam
829 1065 1009 1168 quemad
1025 1093 1190 1180 poetam
1209 1069 1679 1168 expetendamcoustrtuta
1691 1065 1808 1140 fursee
1825 1065 2011 1148 uidentur.
2061 1070 2297 1169 quinetiam

507 1175 655 1260 praeter
671 1161 864 1260 publicam
888 1166 1053 1238 nemius
1078 1163 1324 1248 delationem,
1348 1162 1432 1265 lege
1457 1163 1619 1238 Seruilia
1642 1163 1840 1251 docemur,
1893 1165 2014 1236 riuato
2043 1167 2126 1236 iure
2150 1187 2219 1262 per
2242 1163 2298 1240 le·

532 1259 563 1328 is
587 1259 779 1332 actionem
803 1275 841 1332 et
866 1259 1020 1362 quidem
1044 1285 1112 1358 per
1135 1279 1408 1336 sacramentum
1433 1263 1612 1365 pecunius
1636 1277 1764 1358 captas
1786 1281 1835 1330 ex
1858 1185 2004 1355 legibus
2029 1257 2235 1358 Galptrrnia
2258 1277 2298 1334 et

505 1281 615 1426 lunia
640 1373 811 1451 repetere
838 1354 1004 1430 licuisse.
1022 1355 1090 1454 ⁴⁹)
1141 1359 1263 1432 ¹Hanc
1287 1361 1473 1457 priuatam
1507 1359 1697 1430 samonem
1728 1352 1775 1426 ad
1806 1350 1927 1427 solam
1949 1358 2217 1454 repetitionem
2240 1358 2299 1428 iu-

507 1465 688 1552 structam
712 1468 751 1524 et
781 1449 964 1526 eadere
993 1453 1086 1528 solis
1117 1455 1231 1527 sociis
1291 1477 1353 1528 ere
1379 1456 1548 1554 rinisque
1570 1449 1696 1524 datam
1717 1447 1850 1538 fuisse,
1883 1452 2027 1549 quippe
2049 1447 2298 1524 ciuibusRo·

507 1546 628 1618 manis
646 1544 820 1619 inutilem
836 1567 875 1622 et
889 1573 935 1622 su
963 1548 1128 1639 erfluam,
1142 1551 1201 1648 60)
1214 1480 1304 1624 inde
1321 1573 1367 1624 co
1400 1551 1452 1646 igi
1469 1565 1605 1648 potest,
1618 1544 1721 1650 quod
1739 1543 1803 1618 lex
1820 1541 1991 1638 Seruilia,
2008 1571 2122 1648 quam
2137 1547 2300 1646 primam
2337 1597 2340 1604 ·

508 1635 656 1713 ciuibus
680 1642 859 1716 Romanis
911 1571 1078 1718 allisam
1095 1649 1375 1719 accusationem
1399 1647 1613 1744 permisisse
1631 1666 1721 1713 mox
1739 1635 1963 1732 uidebimus,
1988 1644 2145 1715 mutatis·
2157 1641 2222 1716 uel
2239 1666 2299 1717 re·

506 1737 656 1806 nouatis
679 1732 760 1812 fere
784 1669 977 1829 omnibus,
1068 1764 1113 1814 ae
1144 1739 1192 1814 ad
1215 1739 1407 1840 publicam
1439 1761 1593 1812 causam
1613 1734 1848 1835 spectabant,
1884 1732 1960 1810 hoo
1986 1741 2178 1836 priuatum
2202 1737 2298 1838 legis

505 1829 636 1901 Iuniae
661 1848 699 1904 et
725 1832 950 1932 Calpurniae
973 1839 1015 1910 iu
1041 1839 1160 1909 icium
1184 1863 1263 1910 non
1288 1853 1474 1909 mutatum
1498 1836 1664 1910 retinuit.
1722 1829 1798 1908 sed
1822 1853 1909 1904 eam
1931 1831 2299 1924 condemnationem,

507 1948 605 2024 quae
636 1925 792 2024 publico
824 1931 969 2004 iudicio
993 1929 1129 2023 fiebat,
1154 1929 1297 2031 duplex
1326 1954 1451 2030 poena
1479 1926 1721 2030 sequebatur,
1744 1925 1873 2000 litium
1908 1931 2119 2002 aestimatio
2149 1947 2190 2002 et
2220 1931 2299 2003 exi·

381 2055 384 2062 ·
506 2021 613 2094 lium.
663 2040 701 2098 et
731 2022 817 2097 lites
847 2025 1005 2126 quidem
1027 2027 1075 2099 ad
1101 2027 1224 2126 legem
1247 2025 1450 2102 Seruiliam
1472 2048 1593 2126 usque
1615 2023 1759 2122 simpli,
1779 2039 1883 2121 post
1906 2021 2013 2098 illam
2037 2023 2150 2122 dupb
2170 2041 2209 2098 et
2224 2039 2299 2122 'po-

309 2135 311 2142 ‘
375 2201 387 2226 ,
507 2121 664 2208 stremo,
699 2123 831 2194 nescio
856 2140 984 2194 utrum
1015 2122 1182 2221 exlege
1216 2118 1578 2210 Cornelia,an1am
1608 2143 1657 2192 ex
1679 2115 1820 2207 Acilia,
1857 2119 2060 2218 quadrupli
2088 2123 2299 2196 aestimatas

418 4879 422 4888 ,
511 4829 570 4874 ιιι.
587 4824 615 4885 1.

507 2213 640 2304 luisse,
663 2212 846 2292 discimus
871 2240 918 2292 ex
943 2219 1025 2318 ipsa
1046 2216 1228 2306 Seruiliat
1246 2219 1312 2316 ⁶¹)
1337 2241 1435 2318 aqua
1457 2241 1550 2293 uero
1575 2233 1617 2290 et
1636 2217 1717 2328 igni
1740 2237 1820 2296 non
1843 2231 1886 2286 ut
1910 2212 2025 2314 uulgo
2105 2231 2203 2288 tatur
2232 2217 2301 2290 mi

506 2312 647 2412 cuique
670 2309 921 2387 condemnato
947 2313 1125 2387 interdici
1148 2311 1308 2402 solebat,
1332 2311 1401 2385 sed
1424 2315 1462 2388 ei
1484 2310 1576 2401 soli,
1603 2336 1669 2412 qtu
1693 2327 1895 2410 antequam
1923 2333 1983 2384 res
2007 2313 2024 2386 i
2078 2313 2173 2384 'cata
2201 2319 2305 2386 esset·

431 2419 433 2424 '
506 2403 600 2480 urbe
629 2425 793 2482 cesserat
823 2427 888 2481 aut
917 2411 959 2480 in
991 2407 1151 2484 exilium
1175 2407 1325 2483 abierat.
1344 2407 1410 2505 62)
1442 2409 1645 2480 .Ceterum
1675 2405 1832 2500 exlege
1859 2403 2022 2480 Seruilia
2046 2401 2208 2503 intelligi
2231 2429 2301 2506 po-

506 2517 590 2588 test,
615 2504 742 2572 omnia
765 2507 1054 2600 peregrinorum
1082 2501 1226 2578 iudicia
1257 2507 1339 2578 siue
1369 2499 1524 2603 publica
1554 2505 1808 2598 siuepriuura
1837 2523 1907 2598 per
1929 2519 2148 2600 patronum,
2186 2526 2302 2601 quem

426 2627 436 2647 ·
503 2591 600 2693 legis
624 2614 791 2670 actorem
816 2599 953 2672 Cicero
978 2617 1103 2688 uocat,
1119 2601 1186 2696 ⁶³)
1217 2602 1271 2672 ita
1294 2616 1448 2698 peramu
1470 2618 1561 2686 esse,
1586 2614 1630 2670 ut
1653 2595 1795 2694 singuli
1816 2601 2019 2696 peregrini,
2052 2619 2141 2670 cum
2163 2619 2237 2694 pro
2261 2619 2304 2668 se

504 2691 590 2788 lege
613 2715 723 2790 agere
747 2717 827 2768 non
850 2709 1021 2790 possent,
1062 2717 1216 2766 omnem
1240 2716 1393 2764 causam
1417 2685 1618 2766 transferre
1648 2691 1831 2770 deberent
1854 2694 1896 2763 in
1918 2709 2122 2792 patronum
2146 2689 2301 2788 publiea

505 2785 646 2876 datum,
671 2791 961 2861 cuiusnomine
986 2785 1246 2884 postularetur,
1271 2784 1318 2859 lis
1343 2791 1612 2874 aestimaretur,
1636 2789 1800 2884 pecunia
1823 2783 2051 2861 solueretur:
2077 2808 2183 2881 reges
2207 2807 2302 2858 uero

497 2925 506 2934 -
558 2879 1085 2982 puliue'·liberi1perlegatos
1109 2880 1263 2983 publice
1286 2899 1459 2978 receptos
1484 2901 1543 2950 ree
1567 2879 1874 2978 repeterent-⁸⁴)
1913 2883 2012 2950 Non
2035 2901 2099 2950 me
2122 2883 2302 2978 praeterit

502 2907 583 3076 lde
612 2981 887 3078 patrocinium,
918 2993 1101 3078 quantum
1132 2977 1287 3078 quidem
1318 2971 1366 3046 ad
1390 2977 1582 3072 priuatum
1608 2971 1800 3072 iudicium
1825 2975 1975 3062 attinet,
1999 2974 2188 3050 eiusmodi
2212 2994 2304 3068 esse,

507 3092 549 3146 ut
573 3101 595 3152 a
620 3072 717 3150 Gaio
742 3099 822 3148 non
845 3067 1018 3147 uideatur
1046 3076 1216 3172 agnosci,
1242 3072 1310 3173 qui
1332 3067 1486 3144 alterius
1521 3071 1677 3143 nomine
1701 3065 1786 3164 lege
1809 3089 1920 3164 agere
1943 3069 1984 3140 in
2008 3085 2132 3144 totum
2154 3095 2235 3150 non
2259 3067 2305 3142 li-

508 3173 630 3247 cuisse
660 3167 791 3261 tradit,
826 3169 902 3242 nisi
932 3171 1053 3243 causis
1083 3167 1311 3271 quibusdam
1339 3165 1386 3239 ab
1420 3163 1494 3240 hac
1517 3159 1633 3268 longe
1656 3161 1833 3252 diuersis;
1852 3163 1918 3257 ⁵⁵)
1954 3187 2090 3238 uerum
2113 3167 2214 3240 inter
2236 3165 2304 3238 has

508 3269 608 3368 ipsas
639 3291 731 3368 quas
762 3267 907 3368 excipit
938 3289 1068 3342 causas
1097 3290 1181 3362 uon
1206 3259 1397 3344 dubitabis
1434 3264 1531 3368 quin
1553 3261 1842 3362 peregrinorum
1871 3259 2064 3341 actionem
2091 3259 2177 3340 solo
2207 3263 2304 3336 uitio

656 3474 706 3550 48)
724 3473 829 3542 XfflI,
846 3479 874 3544 3.

655 3618 703 3684 49)
721 3617 765 3674 Cl'.
784 3621 814 3682 L.
839 3619 915 3676 seru.
933 3621 1002 3698 Cap.
1024 3619 1104 3679 v111.
1129 3633 1190 3677 not.
1215 3621 1260 3686 15.
1277 3615 1380 3674 xxnt.
1403 3630 1460 3673 not·
1482 3621 1502 3679 3
1526 3627 1553 3668 tt
1567 3613 1597 3675 4.
1642 3607 1718 3667 Ctus
1734 3625 1801 3668 usto
1837 3606 1910 3696 utet,
1927 3609 1998 3666 bant
2015 3606 2304 3693 Calpurniamlegsm,

509 3701 644 3771 quianon
662 3685 752 3774 differt
769 3690 805 3748 ab
820 3711 865 3757 ιι,
884 3689 1084 3778 dequassatur
1099 3690 1184 3778 lqcud
1200 3709 1291 3748 mmm
1310 3692 1379 3758 (bot.
1396 3693 1467 3761 39.)
1485 3681 1600 3744 eandem
1617 3701 1687 3744 etse,
1706 3700 1789 3758 qoam
1833 3701 1891 3740 ιιιι
1910 3681 1980 3751 (tv.
1999 3684 2062 3758 19.)
2078 3699 2140 3774 eum
2157 3678 2225 3736 δὼι
2241 3697 2306 3735 eou-
2363 3753 2366 3760 ι

508 3773 609 3832 milti
627 3756 678 3818 bas
695 3781 768 3818 curm
786 3759 822 3817 ad
839 3759 1041 3822 condicuouem
1059 3779 1208 3839 pertineat,
1226 3777 1320 3818 ιιοιιιι
1337 3775 1427 3816 autem
1443 3751 1479 3813 ad
1497 3768 1702 3814 armamentum.

631 3901 707 3984 Ι50)
727 3901 770 3958 Cl-
788 3919 845 3988 pot·
862 3909 908 3968 32
926 3907 1019 3980 Itaque
1041 3899 1077 3958 de
1093 3921 1144 3958 tuo
1162 3901 1243 3956 eriam
1265 3915 1387 3984 tempore
1413 3881 1510 3954 Cicero
1526 3893 1683 3980 ..sisibutl'
1703 3893 1747 3979 ¹ait
1768 3876 1852 3958 ,mum
1869 3908 1937 3948 sunt
1953 3906 2057 3982 ereptqp
2074 3873 2213 3974 purumne,
2230 3889 2306 3945 ciuili

509 3963 565 4022 iere
588 3985 737 4029 serronem
759 3975 1124 4050 priuatoiurerepetunrur.
1165 3971 1241 4026 Haec
1254 3969 1301 4056 lex
1323 3967 1429 4026 ιοειιΓιι
1447 3983 1513 4054 est,⁸
1526 3963 1580 4021 boe
1597 3984 1638 4020 tut
1655 3981 1796 4050 natrpnum
1814 3980 1963 4038 exterarum
1981 3977 2028 4016 est.
2053 4027 2060 4042 ι
2102 3961 2198 4044 prosp.
2222 3959 2304 4016 Casc-

501 4043 576 4170 ,ιι
591 4043 922 4196 {truttam
938 4034 2306 4188 aetuansavulsa-‚tnesaurum

510 4181 545 4240 tlt·
564 4205 588 4246 c·
604 4192 653 4250 20·
787 4255 791 4263 ¹

576 4287 596 4332 ³
657 4327 706 4403 sn
728 4323 795 4406 op.
809 4281 919 4387 xvrn.
937 4347 996 4390 aa.
1014 4336 1042 4395 ι
1164 4385 1172 4394 κ

537 4507 541 4516 ·
644 4473 707 4546 ¹⁵²)
725 4473 794 4550 cap.
810 4471 860 4530 Xl·
877 4483 935 4528 not·
951 4476 980 4534 6

658 4613 706 4690 58)
725 4611 793 4670 vid.
809 4626 869 4668 not.
886 4611 933 4671 50·

660 4751 709 4825 ιι)
727 4753 772 4810 u·
788 4753 832 4812 u·
848 4749 970 4829 psam
985 4745 1120 4820 mauu
1136 4744 1193 4806 ste
1211 4747 1276 4824 tq·
1293 4743 1389 4803 seuit
1407 4739 1475 4845 etp.
1492 4707 1551 4800 'm'
1563 4755 1589 4838 5¹
1606 4739 1643 4796 v.
1662 4755 1689 4798 ιι
1704 4755 1841 4818 pressas·
1858 4733 1927 4812 cap.
1944 4733 2053 4793 xvut.
2070 4734 2169 4795 sose
2186 4745 2215 4787 a
2231 4727 2307 4784 ιιι,

345 4929 352 4940 ’
469 4952 472 4960 “
528 4972 537 5016 ·.
602 4999 606 5008 -
659 4939 2309 5054 sessurum-„mnstteqnnan(amriumuranaautmarus-metusne·

511 5045 569 5097 ,Μ
586 5028 693 5132 licem,
711 5033 794 5125 (alal)
812 5053 862 5109 pto
879 5035 980 5113 popdo
998 5040 1039 5108 (ιι
1054 5035 1193 5090 libertatis
1209 5028 1349 5098 mn)·'''
1465 5070 1470 5083 .
