4934 6078
808 462 1368 619 subnascuntur,
1566 531 1571 540 ·
1923 521 1971 580 a

184 703 321 782 utenda
351 701 478 776 omnin
510 697 730 774 {enumerare
759 693 838 771 non
869 695 1235 798 uidebaturoperae
1272 697 1437 797 pretinm
1472 711 1575 794 anseg
1611 693 1847 794 singulorum
1876 722 1970 775 uero

184 803 407 889 uerborum,
443 799 540 898 quae
565 793 755 868 interdum
779 798 918 868 rectius
943 795 1130 894 descripta
1155 793 1388 889 uiderentur,
1423 796 1644 865 uarietatem
1667 815 1738 865 suo
1761 791 1849 869 loco
1875 797 1973 872 indi-

184 902 366 975 eauimns.
422 897 600 968 Ceterum
636 895 764 964 omnia
788 886 1010 991 fragmenta,
1049 910 1147 998 quae
1170 885 1364 964 Blubmius
1395 885 1566 986 Neapoli
1587 905 1626 960 et
1663 889 1745 986 ipse
1777 911 1848 988 ego
1878 896 1973 970 Vin:

185 993 359 1082 dobonae
388 987 638 1076 conmlimus,
671 982 799 1060 nobis·
818 987 1058 1086 persuadent,
1084 999 1220 1059 ‘totam
1254 983 1421 1058 tabulam
1459 985 1585 1082 primo
1615 983 1663 1057 ad
1700 982 1821 1058 solam
1849 987 1972 1088 legem

184 1087 386 1166 Seruiliam
415 1081 673 1183 recipiendam
697 1079 836 1156 factam
865 1100 1105 1184 aptatamque
1135 1080 1267 1178 fuisse,
1307 1079 1492 1154 Thoriam
1521 1097 1614 1153 nero
1644 1095 1777 1178 postea
1800 1081 1971 1180 demum,

97 1212 105 1228 ’
183 1183 277 1262 licet
300 1207 379 1257 non
402 1181 515 1278 longa
539 1201 645 1250 mora
669 1180 907 1276 interposita,
932 1180 974 1251 in
999 1201 1128 1252 auersa
1150 1194 1258 1278 parte
1281 1197 1363 1250 esse
1387 1174 1634 1274 adscriptam3
1658 1201 1679 1246 a
1708 1169 1833 1251 fronte
1857 1184 1972 1276 enim,

186 1279 322 1384 quael
370 1303 431 1353 em
455 1273 655 1360 seminam
680 1271 767 1364 fert,
805 1269 990 1373 laeuigata
1013 1271 1265 1376 politaquega
1288 1291 1394 1372 tergo
1418 1287 1546 1342 autem
1575 1270 1706 1345 scabra
1734 1288 1810 1364 est,
1842 1276 1973 1380 quales

184 1373 271 1452 esse'
297 1399 340 1448 so
357 1393 436 1466 ent,
502 1393 572 1444 uae
601 1371 643 1443 in
672 1392 747 1444 nna
770 1387 917 1444 tanturn
948 1369 1055 1470 parte
1077 1372 1314 1468 conscriptae
1337 1385 1435 1466 sunt.
1475 1366 1684 1440 ···Deindel
1734 1368 1763 1439 's
1787 1369 1972 1447 Semiliae

183 1475 371 1572 scriptura
395 1487 452 1544 est
475 1464 794 1565 eegans,··nitida
817 1485 855 1538 et
877 1465 1020 1568 ubique
1040 1461 1267 1567 raeqrrabilis:
1298 1479 1430 1538 contra
1454 1461 1517 1536 lex
1540 1459 1685 1536 Thoria
1736 1465 1974 1543 iuersissimis·

183 1571 286 1642 inter
310 1581 355 1642 se·
374 1565 526 1652 litteris,
556 1564 672 1641 modo
701 1560 902 1660 grandibus
936 1561 1052 1636 modo
1082 1566 1252 1649 minutis,
1284 1558 1454 1632 uersibus
1479 1561 1682 1632 martimum
1705 1575 1853 1656 partem
1874 1560 1973 1635 obli-

186 1668 273 1766 quis
297 1683 336 1736 et
361 1655 637 1759 inaequalibus,
664 1657 840 1758 denique
857 1656 1099 1732 'festinantius
1123 1661 1263 1756 scripta
1287 1673 1354 1729 est.
1391 1658 1448 1726 Ita
1472 1657 1513 1728 in
1536 1671 1696 1754 utraque
1718 1651 1803 1752 lege
1825 1655 1974 1734 litterae

184 1759 393 1833 nonnullae
416 1752 534 1852 figura
557 1755 681 1848 minus
704 1751 851 1852 uulgari
875 1753 1057 1826 formatae
1081 1769 1187 1826 sunt:
1226 1771 1270 1832 nt
1294 1755 1397 1822 enim
1421 1751 1462 1822 in
1481 1750 1564 1847 lege
1576 1747 1720 1822 Thoria
1737 1747 1973 1828 festinationi

185 1853 386 1954 sculptoris
410 1849 553 1940 tribuo,
578 1850 681 1950 quod
710 1855 772 1938 [l
798 1848 989 1923 interdum
1013 1873 1083 1950 pro
1110 1850 1157 1942 Q,
1190 1848 1211 1930 b
1240 1847 1305 1920 uel
1328 1853 1359 1921 n
1383 1871 1454 1945 pro
1477 1847 1512 1920 A
1536 1843 1729 1934 scribitur,
1754 1848 1807 1919 ita
1831 1851 1873 1921 in
1897 1849 1974 1924 ele
2021 1861 2022 1864 ’

185 1951 351 2046 gantiori
374 1943 536 2022 Seruilia
559 1951 695 2020 maiori
725 1947 943 2046 diligentiae
975 1945 1173 2044 scalptoris
1205 1938 1447 2016 tribuendum
1478 1959 1590 2042 puto,
1611 1941 1723 2041 'quod
1754 1950 1973 2041 praesertim

182 2051 225 2118 in
253 2047 499 2136 nurnerissfl
519 2041 696 2118 scribitur
719 2068 789 2143 pro
813 2045 867 2132 D,
894 2029 925 2126 ab
948 2066 1019 2142 pro
1042 2045 1083 2114 L.
1513 2035 1536 2092 '·
1874 2071 1880 2082 ·

382 2143 495 2213 Nunc
519 2136 566 2209 ad
590 2141 808 2213 uniuersum
833 2136 967 2212 harum
990 2135 1117 2236 legum
1141 2152 1402 2235 argumentum
1426 2151 1675 2224 transeamus,
1702 2134 1804 2236 quod
1828 2139 1869 2208 in
1894 2161 1975 2234 gra-

184 2237 358 2310 uissimas
382 2235 640 2324 dissidiorum,
677 2233 967 2324 discordiarum,
1004 2234 1234 2308 seditionum
1261 2255 1310 2305 ue
1333 2229 1580 2330 publicarum
1596 2253 1724 2304 causas
1749 2249 1788 2304 et
1811 2237 1974 2309 rationes

120 2417 123 2424 ¹
183 2331 364 2406 incidisse
388 2355 410 2404 e
434 2330 595 2426 uestigio
619 2330 804 2418 uidemus.
858 2328 1003 2412 Romae
1027 2333 1146 2428 enim,
1172 2349 1215 2401 ut
1235 2257 1319 2402 lere
1343 2325 1401 2416 fit,
1432 2346 1635 2427 postquam
1664 2345 1764 2398 noua
1788 2327 1893 2419 odia,
1928 2355 1975 2403 ex

184 2431 342 2500 auaritia
366 2445 404 2500 et
427 2426 576 2498 luxuria
600 2445 749 2516 exorta,
785 2426 853 2498 diu
876 2423 1027 2498 occulte
1052 2443 1278 2522 serpserunt,
1309 2421 1462 2495 taudem
1486 2426 1565 2516 igni
1590 2445 1668 2492 non
1692 2422 1853 2520 amplius
1878 2425 1976 2497 clam

158 2523 376 2622 gliscente,
402 2522 552 2594 flamme
576 2537 704 2616 aperta
727 2518 873 2616 singula
888 2517 1066 2590 ordinum
1088 2522 1172 2589 iura
1195 2520 1364 2614 arripuit,
1390 2537 1509 2613 eaque
1537 2519 1674 2609 partim
1699 2519 1868 2606 mutauit,
1892 2545 1977 2620 par·

147 2677 166 2698 „t
183 2617 255 2690 tim
280 2615 446 2707 trastulit,
464 2643 466 2650 ¹
483 2633 527 2685 ut
551 2611 774 2686 labefactata
796 2611 927 2684 multis
952 2609 1199 2680 seditionibus
1228 2611 1406 2680 uniuersa
1436 2606 1588 2678 tandem
1618 2631 1677 2678 res
1709 2609 1861 2706 publica
1887 2635 1986 2696 con-j
2094 2671 2099 2676 ,
2152 2665 2153 2670 ,

183 2716 403 2783 uersionem‘
427 2712 571 2782 euitare
594 2729 673 2778 non
696 2705 862 2778 natarat
912 2703 966 2776 Vt
989 2723 1082 2774 ueto
1115 2702 1231 2773 adea
1260 2704 1361 2790 iura,
1399 2697 1602 2802 inquibus
1627 2699 1807 2776 tollendis
1832 2707 1984 2783 mutam
2089 2719 2093 2728 ⁴

186 2803 295 2874 dirue
308 2821 388 2899 'per
411 2805 614 2900 septimum
638 2796 960 2872 urbisuaeculum
990 2795 1194 2869 discrimen
1224 2799 1391 2894 positum
1421 2795 1511 2887 fuit,
1548 2819 1639 2894 prae
1658 2801 1805 2870 ‘ceteris
1836 2801 1979 2878 iudicia
2026 2821 2032 2834 '

182 2895 341 2994 publica
366 2915 404 2970 et
428 2919 509 2966 rem
535 2895 715 2990 agrariam
739 2895 931 2992 pertinere
956 2909 1113 2981 constat,
1140 2895 1193 2986 ita
1217 2895 1317 2964 inter
1341 2915 1403 2966 eas
1427 2889 1539 2993 leges,
1566 2915 1664 2994 quae
1687 2896 1980 2991 repetundarum

178 2990 328 3062 iudicia
354 2993 631 3064 constituerunt
655 3003 847 3059 mutarunt
871 2985 1088 3076 firmarunt,
1114 2983 1325 3078 Seruiliam,
1350 2992 1547 3078 intereas,
1574 3000 1670 3088 quae
1694 3011 1776 3060 rem
1800 2997 1983 3089 agrariam

75 3141 81 3152 .
177 3083 428 3182 designarunt
469 3098 679 3158 statuerunt
716 3081 1052 3176 determinarunt„
1080 3081 1265 3166 Thorium
1285 3159 1287 3164 ,
1307 3089 1434 3184 praeci
1463 3112 1513 3168 uo
1550 3081 1639 3160 loco
1687 3089 1853 3184 positam
1900 3115 1983 3168 esse

180 3207 298 3257 nemo
324 3179 455 3256 nescit.
516 3182 579 3252 De
609 3202 650 3252 re
676 3181 819 3278 agraria
871 3177 1015 3253 Iuribus
1041 3179 1223 3254 disserere
1247 3205 1326 3252 non
1352 3199 1408 3254 est
1431 3111 1543 3254 liuius
1568 3180 1665 3272 loci,
1692 3180 1758 3254 sed
1782 3179 1877 3280 haec
1901 3211 1982 3274 om-

184 3283 251 3352 nia
276 3277 380 3352 adid
405 3297 565 3377 tempus,
588 3277 798 3376 quostiam
878 3277 981 3348 oriae
997 3273 1091 3373 legis
1108 3277 1385 3350 restitutionem
1403 3275 1549 3378 publici
1567 3279 1659 3352 iuris
1679 3277 1844 3354 faciendi
1860 3285 1983 3356 otium

185 3373 351 3461 dabitur,
377 3367 585 3446 differenda
609 3371 720 3460 ratus,
745 3394 849 3444 nunc
873 3371 915 3442 in
939 3373 994 3442 eis
1013 3367 1156 3442 iuribus
1176 3393 1224 3442 ex
1251 3369 1411 3445 licendis
1433 3371 1633 3447 subsistere
1658 3375 1821 3466 decreui,
1840 3379 1880 3450 in
1898 3383 1983 3481 qui-

185 3471 256 3546 bus
288 3467 561 3542 constituendis
593 3463 860 3538 confirmandis
917 3489 938 3538 e
969 3468 1068 3540 inter
1099 3461 1190 3538 alias
1222 3397 1285 3538 lex
1309 3468 1472 3543 Seruilia
1502 3487 1690 3560 uersatur,
1727 3488 1770 3543 ut
1800 3477 1983 3572 expositis

188 3570 259 3655 eis,
296 3561 474 3663 quaeda
503 3564 677 3662 pecuniis
693 3491 924 3662 *repetundis
956 3559 1084 3662 deque
1111 3560 1343 3636 iudiciorum
1372 3562 1614 3664 publicorum
1639 3564 1766 3639 forma
1795 3570 1983 3662 nouimus,

187 3659 335 3737 facilius
361 3659 624 3756 perspiciatur,
651 3663 807 3758 quinam
830 3675 981 3732 nostrae
1004 3657 1082 3757 legi
1105 3655 1223 3750 locus,
1248 3663 1335 3756 ,siue
1355 3659 1403 3733 ad
1427 3679 1575 3762 tempus
1627 3684 1678 3736 uo
1703 3661 1779 3734 lata
1803 3681 1875 3756 est,
1902 3669 1985 3740 siue

189 3759 237 3832 ad
251 3767 321 3828 ea·
340 3776 438 3854 quoe
476 3754 558 3850 ipsa
581 3755 993 3852 constituissespicere
1017 3748 1131 3844 uelis,
1170 3755 1326 3828 anobis
1364 3753 1562 3840 uindicatis
1616 3757 1760 3832 ebeats
1796 3761 1902 3836 Cum
1919 3786 1985 3838 au-

189 3871 268 3926 tem
293 3873 337 3924 ea
359 3847 591 3928 iudiciorum
615 3843 752 3940 forma,
779 3873 876 3951 quae
900 3853 1025 3950 primo
1049 3873 1129 3923 non
1153 3855 1228 3924 nisi
1251 3851 1300 3924 ad
1323 3857 1505 3954 pecunias
1529 3851 1755 3956 repetundas
1780 3861 1984 3932 constituta

187 3964 284 4035 erat,
311 3969 403 4017 mox
427 3941 625 4045 plerasque
649 3941 822 4042 publicas¹
845 3945 973 4020 causas
998 3947 1051 4022 ita
1075 3943 1245 4044 mutarit,
1283 3967 1325 4022 ut
1353 3943 1434 4022 fere
1459 3973 1606 4039 omnes,
1631 3955 1834 4028 senatoriis.
1854 3972 1893 4028 et
1912 3977 1984 4054 po·

186 4040 382 4144 pularibus
406 4035 560 4112 iudiciis
584 4044 739 4114 remotis
775 4037 838 4140 uel
862 4040 996 4114 saltem
1020 4045 1220 4134 restrictis,
1257 4067 1388 4119 coram
1419 4043 1608 4125 iudicibus
1638 4069 1688 4118 ex
1717 4046 1813 4123 albo
1832 4049 1983 4136 selectis

188 4159 228 4214 et
251 4131 489 4236 adsingulas
512 4159 571 4209 res
596 4137 1032 4236 iuratiapetagerentur,
1068 4133 1136 4212 lex
1157 4135 1321 4212 Seruilia
1354 4143 1471 4215 etiam
1499 4144 1541 4215 in
1575 4167 1661 4216 eam
1685 4149 1983 4218 controuersiam

188 4229 341 4322 incidit,
380 4255 493 4332 quam
521 4257 545 4302 a
568 4232 801 4330 Semproniis
833 4230 978 4330 legibus
1012 4256 1133 4334 usque
1165 4234 1213 4307 ad
1242 4233 1357 4311 Iulias
1392 4235 1441 4311 de
1469 4237 1584 4312 modo
1610 4255 1649 4312 et
1672 4243 1819 4313 ratione
1843 4242 1982 4312 consti-

187 4327 321 4404 tuendi
335 4324 439 4400 illius
457 4323 535 4400 albi
549 4327 723 4402 winditum
740 4325 855 4401 modo
868 4331 1015 4402 maiore
1027 4327 1143 4403 modo
1160 4335 1309 4406 minore
1324 4339 1415 4408 caim
1427 4333 1553 4408 studio
1568 4335 1615 4408 ab
1632 4339 1801 4448 utrisque
1813 4333 1980 4434 partibus

188 4421 393 4513 defensam,
410 4418 518 4497 nullo
533 4443 662 4498 autem
679 4441 757 4506 tem
783 4448 851 4500 ore
868 4422 979 4524 plane
996 4449 1083 4507 com
1113 4429 1249 4502 ositam
1265 4447 1304 4502 et
1322 4427 1506 4504 sublatam
1523 4431 1708 4520 uidemus,
1728 4428 1892 4530 ideoque
1902 4455 1981 4507 non

187 4517 304 4594 modo
316 4517 365 4593 de
379 4517 671 4616 repetundarum
687 4449 843 4620 legibus,
857 4519 923 4594 sed
937 4525 1052 4594 etiarn
1098 4545 1118 4595 e
1131 4522 1323 4598 iudicariis
1341 4525 1568 4600 articulatim
1582 4531 1653 4601 erit
1666 4523 1950 4624 disputandum.-

200 4616 203 4624 '
299 4699 304 4714 Ι
384 4611 429 4702 Si
452 4619 619 4714 primum
643 4614 691 4688 ad
715 4619 860 4690 crimen
883 4617 1176 4716 repetundarum
1201 4623 1397 4696 conuersi·
1428 4625 1625 4712 uaerimus,
1652 4619 1876 4722 quibusnam
1900 4645 1990 4700 mo·.

188 4713 247 4788 dis
269 4711 433 4788 Romani
462 4709 654 4808 prioribus
681 4711 824 4792 liberae
838 4711 914 4798 ‘rei
928 4709 1104 4814 publicae
1135 4716 1293 4790 saeculis
1323 4645 1499 4794 libidines
1532 4715 1831 4818 cupiditatesque
1863 4724 1987 4822 magi·

188 4825 371 4892 stratuum
395 4810 654 4900 coercuerint,
680 4825 862 4912 paucam
884 4806 966 4883 fere
989 4807 1095 4882 nulla
1118 4813 1332 4886 inueninrus
1357 4818 1438 4886 eius
1462 4813 1685 4916 prudentiae
1706 4817 1877 4913 uestigia,
1903 4841 1979 4921 qua
2085 4859 2087 4866 .

190 4899 452 4998 legumlatores
473 4903 660 5002 'septimo'
677 4903 780 4978 urbis
796 4903 961 4978 'saeculo
987 4907 1028 4977 in
1058 4929 1133 4978 una
1157 4915 1307 5008 quaque
1330 4909 1414 5009 lege
1438 4907 1729 5006 repetundarum
1747 4910 1894 4989 curiose
1913 4916 1978 5006 'usi

189 5015 292 5086 sunt,
312 5023 435 5100 quam
447 5021 540 5072 ‘retu
561 5025 645 5075 uon
666 5021 744 5096 tarn
769 5001 939 5100 priorum
962 5019 1179 5111 tempotum
1197 5001 1312 5076 alicui
1327 5003 1579 5100 negligentiae
1595 5011 1976 5132 quempqsteriorum
