4934 6078
872 93 914 126 ..,
942 49 1007 146 ο
1073 71 1155 150 ῃ..

507 577 558 645 a
846 571 928 659 3.
1116 470 1728 692 ennottoonanm

510 763 599 852 riae,
624 776 710 874 post
740 753 899 842 uerbum
923 733 1152 832 AMIo't'rtt
1187 791 1191 802 ·
1215 755 1474 858 ,unonplures
1527 761 1686 837 nanta
1710 741 1858 834 titulae
1879 743 2074 860 perierint,
2093 761 2222 866 iisque
2243 765 2301 840 in·

511 859 668 956 scriptro
693 851 902 943 undecima,
929 858 1036 928 cuius
1060 851 1238 929 nonnuli
1262 877 1391 926 uersus
1418 861 1466 933 70
1490 877 1511 926 a
1559 860 1610 935 80
1634 852 1776 928 litteras
1802 861 2011 940 continent.
2035 881 2114 932 non
2138 859 2186 934 ad
2210 861 2301 936 dex·

511 962 608 1028 tram
641 967 814 1040 comune,
855 931 1020 1052 ideoque
1051 975 1124 1026 nec
1149 967 1281 1068 quarta
1310 945 1366 1024 ad
1387 949 1534 1026 laeuam
1564 955 1710 1051 primae
1739 949 1920 1027 collocari
1950 958 2128 1068 potuerit.
2195 959 2302 1031 Post·

511 1073 625 1152 quarn
655 1042 730 1120 hoe
760 1044 876 1120 modo
911 1045 1026 1122 simul
1050 1051 1331 1138 constituimus,
1359 1061 1550 1148 'quomam
1575 1047 1621 1120 ad
1645 1046 1746 1120 'siries
1770 1047 1834 1120 lex
1858 1047 2020 1122 Seruilia
2042 1048 2091 1124 ad
2121 1049 2304 1145 dextram,

510 1145 574 1224 lex
597 1139 743 1215 Thoria
766 1141 814 1215 ad
838 1141 986 1218 laeuam
1009 1143 1236 1253 porrigenda
1266 1161 1378 1232 esset,
1403 1141 1495 1241 legis
1513 1141 1697 1216 Seruiliae
1723 1141 1770 1218 ad
1788 1141 1936 1220 laeuam
1958 1148 2013 1218 itu
2035 1151 2303 1223 constituimus

290 1267 293 1274 ·
371 1253 392 1279 ·’
511 1243 604 1318 lines
629 1241 904 1338 terminosque,
928 1257 971 1311 ut
995 1245 1141 1313 summu
1164 1237 1360 1342 diligentia
1389 1241 1613 1331 retractatis,
1633 1247 1753 1346 ³·quae
1778 1241 1858 1314 iam
1890 1241 2067 1340 Sigonius
2100 1248 2304 1320 maximam

511 1355 659 1444 partem
688 1339 737 1413 ex
764 1337 954 1408 consuetis
983 1335 1111 1434 legum
1140 1333 1315 1410 formulis
1344 1337 1455 1408 initio
1485 1353 1678 1434 posuerat,
1719 1355 1767 1410 ex
1787 1341 1974 1412 ¹restituto
2004 1340 2163 1425 exordio
2187 1344 2310 1440 primi

408 1507 412 1514 .
510 1457 642 1510 uersus
666 1429 905 1504 latitudinem
936 1429 1193 1523 definiremus,
1226 1457 1356 1534 quam,
1394 1429 1529 1504 iisdem
1582 1431 1802 1507 uibus'ante
1825 1429 1982 1514 'calculis
2007 1435 2216 1526 subductis,
2254 1433 2302 1510 ad

511 1529 725 1632 oppositam
749 1523 842 1622 le'gis
866 1525 1034 1601 Thuriae
1057 1545 1204 1630 partem
1227 1526 1494 1606 transtulimus.
1553 1457 1766 1620 lustremo,
1795 1534 2020 1632 comparatis
2045 1529 2181 1606 litteris
2206 1554 2304 1650 «prae

510 1629 553 1701 iu
581 1625 779 1726 utriusque
810 1621 902 1792 lepis
930 1626 1057 1738 'primo
1088 1647 1200 1698 uersu
1229 1629 1390 1698 maiores
1421 1640 1508 1697 sunt
1565 1635 1660 1698 uam'
1681 1628 1723 1698 in
1747 1625 2009 1728 sequentibus,
2045 1645 2091 1700 ut
2112 1631 2154 1704 in
2176 1645 2303 1728 pruno

511 1747 627 1798 uersu¹
653 1721 706 1792 ita
734 1722 777 1792 in
806 1743 847 1794 re
864 1724 963 1822 iqurs
992 1739 1193 1797 numerum
1222 1723 1526 1822 computruimus
1576 1721 1789 1814 itterarurn',
1853 1745 1924 1796 uae
1953 1723 1995 1795 in
2025 1740 2187 1826 utraque
2216 1724 2302 1824 lege

512 1833 638 1896 essent
661 1815 926 1895 restituendae.
974 1818 1106 1918 Itaque
1129 1816 1272 1893 duabus
1297 1817 1552 1986 superioribus
1578 1843 1671 1918 quas
1687 1833 1783 1892 ante
1851 1841 2042 1892 eceramus
2060 1819 2228 1918 partibus
2253 1843 2301 1895 eo

512 1913 627 1989 rnbdo
653 1915 890 2003 coniunctis,
907 1929 951 1985 ut
974 1911 1089 1986 simul
1112 1917 1229 1988 totius·
1252 1911 1341 1987 tabu
1358 1936 1402 1984 ue
1426 1911 1586 1987 latitudo
1613 1913 1667 1998 ad
1689 1911 1861 1988 dextram
1891 1931 1930 1988 et
1959 1911 2007 1986 ad
2021 1914 2179 1989 'laeuam
2208 1939 2302 1992 con·

511 2014 641 2090 stituta
665 2025 778 2096 esset,
816 2006 1048 2108 pergendum
1072 2027 1151 2083 erat
1174 2011 1222 2086 ad
1246 2007 1455 2083 inferiores.
1499 2011 1667 2082 'Harum'
1698 2027 1823 2083 autem
1847 2031 1977 2104 unam,
2005 2034 2063 2084 cx
2087 2005 2220 2086 auerso
2245 2013 2302 2083 in·
2347 2023 2350 2038 '

413 2195 418 2204 ,
511 2109 736 2204 scriptiones
766 2102 954 2178 decimam
977 2123 1015 2180 et
1099 2125 1217 2180 urtam
1242 2109 1438 2195 decimam,
1465 2127 1513 2177 ex
1537 2103 1696 2180 aduerso
1721 2111 1871 2180 tertiam
1895 2120 1933 2180 et
1956 2111 2156 2206 septimum
2181 2111 2302 2182 conti·

405 2249 409 2255 ·
511 2221 681 2292 nentem,
712 2203 790 2272 iam
813 2223 862 2274 ex
886 2127 1109 2302 apograpbls
1134 2203 1426 2278 Primisserianis
1445 2203 1511 2298 ²⁰)
1536 2205 1590 2275 ita
1615 2205 1875 2303 cognouimus,
1900 2220 1944 2275 ut
1967 2200 2117 2300 indage
2140 2201 2301 2277 Seruilia

509 2301 659 2376 decima
694 2313 735 2370 et
771 2315 903 2466 puarta
939 2295 1088 2372 decima
1124 2295 1172 2370 ad
1204 2299 1373 2374 dextram
1403 2301 1532 2392 initio,
1569 2297 1734 2402 ideoque
1764 2299 1805 2372 in
1836 2297 1873 2372 le
1899 2303 1921 2372 e
1949 2295 2096 2372 Thoria
2120 2300 2231 2373 t'enia
2265 2315 2303 2374 et

510 2400 671 2496 septima
700 2387 749 2464 ad
792 2417 925 2467 aenam
957 2397 998 2467 in
1028 2391 1105 2470 line
1135 2393 1382 2469 collocandae
1413 2411 1547 2477 essent,
1601 2397 1742 2469 'Paucis
1775 2325 1930 2470 deinde*
1949 2391 2076 2468 uerbis
2118 2395 2303 2469 litterisue

511 2493 719 2566 interiectis
749 2485 905 2562 alteram
937 2512 1090 2596 quoque
1119 2487 1343 2563 inferionrm
1374 2490 1523 2566 tabulae
1555 2495 1718 2592 partium
1753 2515 1841 2566 curn
1876 2491 2013 2580 altera,
2053 2493 2168 2564 inseri
2197 2493 2302 2563 tione

510 2586 736 2662 duodecima
759 2589 931 2685 apposita
955 2585 1003 2656 ad
1028 2604 1199 2686 quartam
1222 2586 1427 2676 decimam,
1466 2590 1647 2754 coniunpi
1681 2611 1792 2686 posse
1822 2587 2008 2684 uidimus,
2050 2607 2128 2691 quo
2159 2515 2301 2659 [bonno

509 2701 583 2769 est,
608 2699 651 2754 ut
675 2686 846 2780 quintam
870 2679 1024 2774 alaeua
1049 2703 1139 2753 curn
1162 2684 1323 2780 septima
1347 2687 1580 2778 coniungere
1620 2683 1748 2756 iceret.
1801 2685 1998 2757 Postremo
2021 2681 2089 2755 bas
2126 2681 2217 2754 duas
2249 2697 2302 2754 ta·

508 2773 621 2855 bulae
644 2795 784 2878 partes,
820 2769 1055 2874 superiorem
1078 2795 1117 2847 et
1138 2773 1374 2862 inferiorem,
1412 2801 1504 2876 quas
1530 2777 1606 2846 iam
1630 2800 1678 2846 ex
1703 2769 1780 2848 illis
1805 2791 1984 2894 quattuor
2008 2775 2221 2868 effecimus,
2262 2781 2302 2851 in'

509 2875 593 2972 lege
619 2871 774 2974 quidem
789 2869 953 2944 Seruilia
976 2888 1016 2942 et
1039 2873 1139 2970 ipsas
1163 2872 1263 2942 inter
1286 2893 1327 2942 se
1344 2871 1546 2960 iunximus,
1562 2871 1923 2972 coniunctionisque
1940 2877 2105 2946 rationes
2125 2893 2195 2945 suo
2213 2872 2302 2946 loco

511 2967 845 3064 reddidimus311)
868 2967 909 3036 in
932 2965 1016 3064 lege
1040 2985 1169 3040 autem
1190 2963 1338 3036 Thoria
1362 2965 1532 3037 nondum
1556 2969 1780 3064 potuimus,
1816 2968 2009 3046 Hactenus
2033 2969 2121 3038 satis
2148 2965 2303 3068 quidem

509 3091 557 3144 ex
587 3067 725 3137 ositum
749 3061 965 3152 uidebatur,
1004 3083 1170 3164 quonam
1193 3059 1310 3134 modo
1335 3059 1480 3156 singula
1505 3060 1560 3132 fra
1587 3079 1712 3146 menta
1737 3063 1778 3133 in
1803 3079 1883 3136 tota
1907 3061 2044 3136 tabula·
2059 3063 2242 3164 disposita
2265 3081 2305 3137 et

510 3091 713 3247 collocata,
740 3157 953 3262 quibusque
977 3157 1184 3232 rationibus
1210 3153 1403 3230 subductis
1429 3179 1530 3258 quae
1556 3085 1773 3232 defecerant
1798 3161 1939 3232 inserta
1960 3157 2128 3258 fuerint3¹
2162 3155 2304 3232 nihilo·

509 3263 645 3346 minus,
669 3273 713 3330 ut
736 3254 859 3330 oculis
884 3279 1037 3358 quoque
1061 3251 1289 3326 subiicerem
1312 3251 1429 3325 totius
1453 3250 1602 3329 tabulae
1627 3279 1648 3325 a
1680 3251 1791 3327 nobis
1816 3255 2010 3327 restitutae
2033 3257 2222 3354 speciem,
2263 3255 2303 3330 id

508 3353 616 3444 latus,
642 3355 707 3426 cui
730 3351 793 3426 lex
818 3351 979 3426 Seruilia
1003 3353 1185 3450 inscripta
1211 3344 1293 3438 fuit,
1318 3343 1366 3420 ad
1390 3351 1564 3422 rationes
1579 3351 2015 3448 nostras'compositum,
2039 3373 2200 3422 numero
2226 3347 2304 3423 for·

509 3473 647 3552 tuaque
671 3445 904 3548 singularum
927 3451 1238 3548 inscriptionum,
1272 3465 1476 3558 earumque
1501 3449 1642 3547 pariter
1666 3465 1710 3518 ac
1735 3449 1851 3519 totius
1875 3441 2027 3518 tabulae
2050 3443 2223 3519 uersibus
2246 3445 2317 3517 di··

398 3603 401 3610 .
507 3547 670 3649 ligenter
700 3545 891 3636 indicatis,
926 3548 972 3618 iis
1002 3567 1051 3618 ue
1081 3565 1179 3646 quae
1207 3541 1365 3645 periisse
1394 3539 1614 3614 uiderentur
1637 3539 1712 3613 alia
1735 3545 1923 3642 scriptura
1952 3544 2119 3634 insertis,
2156 3543 2198 3612 in
2226 3538 2304 3616 nne

509 3641 620 3718 huius
646 3639 769 3718 libelli
793 3641 926 3715 adieci.
974 3571 1022 3715 di
1046 3663 1140 3714 uero
1166 3643 1232 3745 qui
1256 3632 1353 3710 haec
1377 3635 1490 3736 digna
1515 3633 1654 3712 habere
1677 3636 1781 3729 uelit,
1809 3661 1906 3740 quae
1923 3633 2141 3736 diligentius
2160 3637 2302 3708 exami-

509 3759 590 3830 net,
626 3763 707 3814 non
742 3763 896 3840 possum
928 3738 1023 3839 quin
1054 3733 1243 3840 confitear,
1268 3755 1331 3807 me
1354 3735 1397 3806 in
1420 3733 1659 3834 'supplendis'
1689 3731 1826 3808 litteris
1864 3731 2127 3807 deficientibus
2171 3728 2301 3820 rnulnr,¹

350 3849 357 3867 '
398 3923 402 3931 ,
507 3857 688 3939 tauquam
725 3859 823 3938 quae
856 3842 1055 3908 restituere
1092 3858 1170 3906 non
1199 3853 1351 3932 possem
1381 3832 1494 3902 missa
1523 3825 1650 3905 facere
1680 3849 1719 3904 et
1747 3829 1991 3932 paucioribus
2025 3828 2159 3908 litteris
2185 3849 2301 3927 quam

508 3957 600 4036 quas
625 3937 721 4006 ratio
747 3935 780 4006 si
804 3933 1086 4005 accuratissime
1110 3933 1366 4005 institueretur
1390 3921 1521 4017 ferret,
1548 3947 1770 4002 contentum
1796 3949 1877 4000 esse
1901 3923 2092 4010 maluisse,
2120 3943 2235 4022 quam
2252 3941 2302 4005 'ut

506 4025 572 4104 uel
600 4053 723 4130 pauca
752 4033 984 4128 reciperem,
1023 4049 1122 4129 quae
1153 4019 1498 4139 eum“excedereut
1533 4033 1751 4118 numerum,
1789 4022 1839 4099 de
1876 4045 1952 4126 quo
1988 4022 2030 4092 in
2066 4034 2301 4120 unoquoque

505 4149 619 4202 uersu
643 4144 816 4202 constare
840 4123 1043 4198 uideretur.
1172 4141 1176 4146 ·
1268 4137 1271 4148 ·
1630 4129 1635 4149 ¹
1904 4140 1908 4154 ¹
2019 4138 2021 4146 ⁴
2070 4141 2071 4148 ¹
2149 4201 2152 4208 1
2234 4199 2237 4208 .

705 4223 759 4300 Vt
783 4223 860 4294 iam
884 4221 932 4297 ad
955 4219 1120 4322 singulas
1145 4221 1437 4322 inscriptionum
1461 4219 1674 4316 nostrarum
1687 4213 1843 4290 tabulas
1867 4212 2150 4302 conuertur'nur,
2190 4207 2301 4314 breui
2393 4247 2395 4255 ·

435 4407 440 4420 ,
508 4317 778 4424 exponendum
809 4338 881 4409 est,
918 4337 995 4394 tarn
1026 4317 1160 4420 quibus
1197 4316 1376 4413 cognitae.
1404 4335 1443 4388 et
1473 4339 1496 4388 a
1522 4309 1658 4432 quibus
1690 4312 1815 4388 editae
1851 4310 2007 4396 fuerint,
2045 4321 2161 4407 quam
2185 4326 2301 4409 prae*

509 4445 597 4493 nam
634 4441 780 4506 earum,
829 4439 925 4518 quae
964 4413 1088 4488 adbuc
1126 4417 1285 4504 extant,
1316 4415 1472 4486 externa
1508 4425 1557 4483 s1t
1587 4403 1716 4482 'forma
1755 4429 1793 4483 et
1830 4407 1993 4508 species:
2044 4407 2088 4478 in
2123 4425 2218 4504 quo,
2245 4400 2303 4474 li·

508 4533 570 4590 cet
599 4513 762 4597 luminae
792 4536 922 4591 aereae
952 4537 1054 4588 nunc
1091 4510 1245 4613 quidem
1270 4508 1449 4608 exparte
1474 4511 1613 4596 iterum
1638 4507 1913 4610 atqueiterum
1938 4481 2209 4590 lra'ct'aesunt,
2245 4515 2301 4571 ta·
2335 4542 2337 4552 =

508 4629 621 4701 men,¹
638 4609 768 4686 Vrsini
792 4611 1032 4712 potissimum
1056 4610 1320 4682 auctoritatem
1349 4609 1486 4695 secuti,
1519 4620 1666 4678 tantum
1696 4601 1745 4676 ad
1769 4622 1814 4676 ea
1838 4615 1985 4701 septem
2009 4595 2301 4697 fragmenta're·

454 4875 455 4880 ,
657 4825 703 4887 10)
720 4813 838 4874 Tabulas
860 4795 1056 4874 Ambrtaenset'
1069 4811 1238 4888 emendatius
1253 4811 1304 4898 'erl‘
1317 4805 1518 4896 Primitteria'uo
1544 4807 1688 4937 memplrti
1712 4805 1858 4934 descripta
1880 4803 2018 4886 lapidique
2035 4785 2145 4860 inrisas.
2171 4815 2312 4876 tauquam*

509 4891 667 5019 ἒξτὶἧιωιο,
689 4887 796 4966 qualern
814 4906 919 4946 notura
942 4886 1048 4945 tabulae
1065 4875 1205 4946 exhibent.
1234 4899 1385 4963 spernar,
1411 4881 1474 4938 burc
1496 4901 1571 4958 open
1588 4901 1619 4938 su
1638 4901 1699 4938 tect.
1741 4877 1785 4936 tid
1826 4897 1859 4935 oc
1879 4887 2068 4950 argumentum
2089 4869 2185 4944 caniet
2203 4869 2298 4984 sabb

654 5109 703 5178 ss)
722 5103 768 5160 α.
782 5103 845 5178 Lag
864 5099 992 5158 sarto·
1009 5098 1076 5175 cap
1093 5095 1171 5153 xttt
1188 5111 1245 5154 aot·
1263 5097 1281 5160 4
1298 5111 1325 5153 et
1342 5100 1367 5158 b
